3602 5552
696 469 835 548 spaeiui
856 475 913 532 vit·
933 478 1074 534 menum
1469 475 1508 532 eo

266 656 360 710 torem
381 645 474 709 fnisse
496 655 605 726 putent
625 665 746 727 prorsus
767 647 922 710 nescImus.
965 665 1034 708 num
1056 651 1091 707 ut
1112 646 1184 710 nihil
1205 646 1304 709 dicam
1325 646 1363 708 de
1379 665 1414 708 eo
1428 647 1508 728 quod

266 755 386 814 constat
417 746 496 810 inter
527 767 628 810 omnes
658 747 829 829 prmtorium
860 747 943 809 illum
976 765 1137 828 numquam
1165 747 1224 810 dici
1245 748 1295 829 qui
1315 755 1362 810 est
1382 756 1509 827 pretor,

265 849 320 910 sed
353 847 434 929 apud
465 856 582 910 ueteres
611 849 770 931 scriptores
797 849 876 910 banc
897 866 1014 929 semper
1035 847 1073 909 da
1094 845 1132 910 iis
1153 848 1287 912 adbiberi
1308 867 1428 922 uocem,
1460 849 1508 930 qni

265 959 396 1030 praetura
417 949 513 1012 iuncti
533 949 611 1026 sint,
633 950 713 1032 apud
734 949 875 1012 Tacitum
897 955 930 1011 et
951 948 1126 1012 Suetonium
1149 959 1180 1011 et
1202 949 1251 1032 qui
1278 957 1385 1031 postea
1411 950 1509 1030 scrip-

266 1057 382 1124 serunt,
415 1051 451 1110 de
483 1049 520 1112 iis
545 1070 660 1133 quoque
687 1050 826 1131 usurpari
847 1050 897 1132 qui
920 1050 959 1111 ab
979 1048 1210 1131 imperatoribus
1232 1051 1281 1113 nel
1301 1051 1332 1112 in
1353 1051 1509 1132 praetorios

266 1151 367 1213 allecti
388 1151 449 1213 sint
469 1151 518 1212 uel
539 1152 722 1215 ornamentis
744 1151 847 1214 donati
868 1150 1030 1232 praetoriis,
1062 1150 1182 1214 minime
1204 1171 1270 1214 oum
1291 1160 1457 1234 temporum
1478 1160 1510 1214 et

265 1271 362 1314 rernm
394 1251 510 1316 ratione
543 1253 679 1334 congruit
710 1253 736 1314 is
767 1271 879 1327 annus,
911 1271 969 1334 quo
1000 1252 1079 1314 hunc
1110 1271 1178 1315 eum
1209 1253 1352 1315 honorem
1379 1253 1508 1335 gessisse

265 1353 376 1416 dicunt.

348 1453 425 1536 quod
456 1454 546 1533 igitur
577 1454 663 1517 nobis
695 1453 759 1516 neri
792 1454 975 1517 simillimum
997 1453 1115 1516 uidetur
1136 1453 1245 1528 secuti,
1278 1471 1455 1536 quamquam
1478 1451 1508 1514 in

266 1555 321 1617 bau
353 1554 500 1636 praeoIpue
526 1574 558 1616 re
584 1555 708 1618 maximi
733 1554 789 1616 uiri
811 1555 1008 1629 dissentiunt,
1041 1572 1107 1616 cum
1129 1554 1256 1618 Eckbel.
1278 1555 1297 1618 l.
1320 1552 1339 1616 l.
1362 1563 1393 1616 et
1412 1553 1508 1617 Meri-

265 1655 345 1717 ualio
367 1656 386 1717 l.
409 1655 429 1717 l.
450 1675 478 1736 p.
500 1656 562 1717 212
582 1656 744 1718 Traianum
767 1675 794 1718 s.
815 1676 844 1737 p.
866 1656 923 1720 (lh.
944 1657 986 1719 53
1013 1662 1117 1718 natum
1149 1674 1214 1718 esse
1246 1663 1395 1736 putemne.
1447 1655 1507 1716 iarn

266 1775 337 1818 nero
356 1755 474 1818 Plinius
494 1757 524 1820 in
545 1756 694 1840 Panegyr.
716 1776 741 1819 c.
765 1757 804 1818 14
825 1777 893 1819 eum
914 1756 1009 1820 tradit
1024 1776 1155 1840 mmm
1175 1756 1341 1820 αάηιοάιιιη
1361 1753 1509 1818 Pontica

266 1857 354 1918 lande
385 1855 510 1936 gloriam
541 1857 637 1938 putris
670 1856 799 1920 auxisse.
852 1858 901 1920 luis
931 1858 1022 1938 igitar
1051 1856 1152 1919 uerbis
1185 1858 1410 1920 demonstratur
1440 1875 1507 1918 curn

265 1957 344 2020 bello
376 1958 503 2040 quodam
534 1958 677 2022 Parthico
699 1959 772 2021 duce
793 1966 878 2039 patre
898 1958 1078 2021 interfuisse.
1121 1958 1200 2040 quod
1220 1958 1329 2021 bellurn
1351 1977 1409 2040 quo
1430 1965 1509 2020 tem-

264 2077 336 2138 pore
357 2067 474 2139 gestum
496 2068 591 2135 esset,
614 2058 686 2123 nihil
708 2059 853 2123 sciremus
875 2057 938 2145 (cfr
958 2058 1085 2123 Eekhel.
1107 2059 1126 2120 l.
1150 2059 1168 2121 l.
1191 2059 1241 2142 qul
1263 2060 1294 2122 id
1315 2060 1407 2121 refert
1428 2078 1456 2122 e.
1478 2078 1507 2120 u.

261 2179 287 2221 e.
308 2157 385 2242 828)
413 2159 471 2221 nisi
498 2179 537 2222 ex
558 2161 614 2224 hoc
635 2161 700 2224 looo
722 2160 896 2224 concludere
919 2160 1023 2224 liceret
1044 2160 1124 2222 circu
1146 2179 1174 2223 s.
1195 2180 1225 2241 p.
1248 2159 1303 2224 Oh.
1326 2154 1367 2223 67
1388 2160 1434 2222 uel
1456 2157 1508 2233 68,

261 2261 313 2322 ubi
344 2260 551 2341 Vespasianus
582 2262 690 2324 bellum
723 2280 830 2341 gerens
855 2281 921 2324 cum
943 2261 1053 2324 Iudaeis
1075 2261 1281 2341 expeditiones
1303 2269 1410 2324 contra
1429 2261 1509 2324 Par-

260 2361 329 2424 tbos
351 2361 439 2424 laoils
460 2362 597 2424 emittere
618 2362 725 2444 potuit,
747 2363 861 2426 lactum
884 2383 961 2425 esse.
995 2369 1085 2424 uocat
1106 2362 1184 2424 enirn
1205 2361 1322 2425 Plinius
1337 2361 1415 2424 hanc
1430 2361 1508 2423 Tra·

260 2462 322 2525 iani
343 2471 449 2526 contre
468 2463 602 2526 Parthos
623 2463 760 2526 militium
783 2461 967 2526 incunabula
992 2473 1020 2526 et
1040 2462 1223 2526 rudimento.
1266 2471 1387 2526 constat
1407 2469 1507 2524 autem

261 2571 383 2626 aetatem
417 2563 577 2626 militarem
610 2565 760 2628 ueteribus
787 2564 933 2628 Romanis
961 2565 1001 2626 ab
1022 2562 1097 2626 inito
1118 2564 1217 2627 XVII
1238 2564 1338 2626 aetatis
1360 2581 1439 2625 anno
1461 2562 1508 2624 ln-

260 2664 383 2745 cepisse.
426 2685 481 2726 nec
502 2674 604 2728 tamen
628 2685 647 2727 a
668 2666 726 2728 lide
749 2665 893 2728 abhorret
917 2672 1037 2727 mutate
1063 2664 1234 2745 reipublice
1266 2665 1364 2726 forme
1396 2663 1507 2743 aquuid

262 2764 354 2826 etiarn
376 2765 413 2826 de
435 2765 493 2827 hac
515 2785 546 2828 re
568 2767 759 2830 immutatum
782 2785 858 2828 esse.
901 2784 990 2847 quum
1013 2765 1089 2828 enim
1112 2772 1219 2838 antea,
1251 2783 1344 2845 usqne
1367 2763 1406 2826 ad
1427 2771 1508 2824 tem-

261 2884 337 2944 pore
357 2865 394 2928 L.
416 2865 526 2940 Sulloe,
558 2867 699 2930 uicesimo
732 2874 819 2930 sexto
851 2867 978 2947 impleto
1012 2885 1090 2928 anno
1122 2872 1273 2946 quaestura
1299 2864 1364 2946 peti
1391 2871 1508 2945 posset,

261 2973 371 3045 postea
390 2966 482 3028 initus
504 2985 601 3029 annus
622 2967 792 3030 tricesimus
815 2967 1031 3048 requireretur,
1062 2965 1094 3027 id
1117 2965 1274 3046 Augustus
1296 2964 1341 3027 ita
1363 2964 1509 3040 mutauit,

261 3076 296 3128 ut
326 3066 376 3146 qui
407 3066 584 3147 trigesimum
616 3067 751 3148 quintum
785 3074 908 3146 agerent
938 3085 1048 3130 annum
1081 3086 1148 3128 enm
1171 3067 1378 3146 magistratum
1399 3083 1508 3147 capere

261 3166 449 3246 permitteret
470 3165 546 3252 (Dio
561 3167 647 3230 Oass.
663 3168 723 3232 LII
737 3169 786 3230 20.
818 3166 927 3230 Vellei.
942 3170 1062 3234 Patere.
1077 3167 1111 3229 11
1132 3167 1173 3230 94
1193 3166 1294 3231 oollet.
1317 3187 1384 3231 cum
1411 3167 1509 3230 Dione

261 3265 349 3330 (isse.
371 3268 449 3332 LIII
470 3267 519 3332 28.
553 3268 677 3350 leian.
700 3270 719 3332 l.
741 3269 776 3344 2,
809 3266 1180 3332 conuictumue
1206 3288 1319 3332 muner.
1347 3277 1378 3331 et
1405 3269 1507 3331 bonor.

260 3368 317 3443 50,
338 3369 384 3452 4).
426 3388 514 3450 quum
536 3389 608 3432 uero
630 3369 723 3433 etiem
751 3377 823 3433 tuno
850 3379 937 3432 uetus
964 3368 1039 3432 illud
1071 3377 1252 3452 praeceptum
1285 3369 1444 3442 manserit,
1475 3376 1510 3430 ut

261 3469 311 3552 qui
333 3469 546 3551 rempublicam
572 3479 768 3552 capesserent
789 3471 889 3534 decern
911 3479 981 3534 ante
1003 3478 1153 3534 mererent
1173 3470 1324 3552 stipendia
1344 3468 1439 3555 (Plin.
1455 3469 1475 3530 l.
1489 3468 1508 3530 l.

262 3589 288 3632 c.
312 3566 367 3654 15)
388 3571 458 3652 quid
479 3570 542 3634 ueri
564 3571 688 3634 similius
710 3591 777 3635 esse
798 3579 917 3653 potest,
949 3590 1039 3654 qoam
1061 3579 1112 3645 ut,
1139 3571 1248 3635 militia
1268 3589 1385 3653 quoque
1407 3577 1509 3632 matu·

262 3670 324 3734 rins
346 3691 435 3753 quam
457 3681 548 3735 antea
568 3673 631 3735 fieri
651 3673 772 3736 solebat
793 3682 917 3755 coepta,
939 3672 1041 3754 quinto
1064 3672 1179 3735 decimo
1200 3672 1274 3735 inito
1297 3691 1374 3734 anno
1392 3671 1508 3750 legatos

258 3772 301 3852 rad
322 3771 403 3835 bella
423 3772 631 3836 adolescentes
652 3774 749 3837 secuti
770 3774 850 3836 sint?

344 3880 434 3963 atque
457 3893 477 3935 a
497 3874 719 3956 uiginmiretu,
750 3875 787 3936 de
809 3893 867 3956 qno
887 3874 970 3936 infra
990 3873 1138 3949 dicemus,
1168 3872 1285 3936 initium
1308 3871 1508 3952 auspicando·

262 3993 327 4036 rum
359 3974 502 4037 honorum
533 3975 582 4037 his
614 3974 800 4056 temporibus
828 3975 897 4056 capi
919 3974 1108 4038 consueuisse
1131 3993 1256 4056 eumque
1279 3981 1349 4036 ante
1370 3971 1509 4036 tribuna-

261 4084 326 4138 tum
358 4074 486 4138 militum
517 4083 634 4156 gestum
667 4093 733 4137 esse
765 4072 842 4138 satis
876 4094 1001 4156 magnus
1033 4075 1186 4138 titulorum
1219 4093 1357 4138 numerus
1389 4073 1507 4155 probat.

261 4195 442 4258 quamquam
465 4194 524 4241 uon
546 4177 656 4239 desunt
676 4175 817 4258 exempla
846 4175 955 4257 quibus
983 4183 1111 4257 apparet
1132 4175 1226 4238 etiam
1248 4175 1312 4238 sine
1332 4174 1389 4238 boc
1410 4175 1508 4254 magi-

262 4286 361 4340 stratu
392 4278 430 4340 ad
456 4276 584 4340 bonores
611 4276 759 4358 perueniri
784 4276 930 4359 potuisse.
963 4273 1017 4361 (ex
1037 4295 1080 4358 gr.
1103 4275 1198 4339 Orelli
1218 4274 1288 4337 801.
1331 4273 1386 4338 (ln.
1411 4273 1506 4337 Oeta-

262 4378 328 4442 vius
350 4377 478 4441 Titinius
500 4377 628 4460 Capito,
649 4379 687 4441 de
709 4397 767 4460 quo
789 4379 927 4441 conteras
949 4377 1027 4441 Plin.
1049 4377 1129 4460 Epp.
1150 4370 1230 4438 117.
1252 4375 1332 4438 VIII
1348 4376 1396 4450 12,
1417 4394 1507 4457 quum

263 4479 338 4561 Imp.
380 4479 488 4544 Nemae
520 4479 560 4543 ab
592 4479 726 4560 epistolis
758 4479 869 4542 fuisset
900 4478 1084 4542 ornamentis
1115 4474 1269 4556 pretoriis,
1286 4476 1416 4540 donetus
1437 4475 1508 4563 est).

264 4599 353 4661 quam
387 4581 425 4643 ad
456 4580 488 4644 id
520 4599 627 4644 munus
659 4580 873 4663 capessendum
894 4587 1015 4644 etatem
1038 4577 1198 4652 heberent,
1223 4575 1283 4640 Dio
1304 4577 1428 4642 Cassius
1449 4579 1509 4642 LII
