3602 5552
662 508 800 579 sanan
821 509 879 566 vra
899 508 1038 572 aaran.
1433 509 1472 562 so

235 677 399 760 plissimum
420 695 482 744 rem
503 677 614 744 domini
636 680 786 753 fecerunt,
806 697 876 742 narn
897 679 1097 762 promercales
1119 680 1234 744 fructus
1256 676 1371 742 alendis
1390 676 1473 758 cquis

235 786 267 841 et
287 779 460 847 stabulariis
482 799 588 860 magno
609 799 667 842 are
689 779 886 861 quaestoribus
908 781 1066 863 quotannis
1087 781 1265 844 candebant.
1298 777 1367 841 hinc
1381 777 1472 840 etiam

236 887 317 956 erat,
339 888 374 944 ut
395 899 415 942 a
434 879 557 960 siugulis
578 879 778 961 stipendiariis
800 881 920 961 publica
941 881 970 942 in
991 881 1128 944 aerarium
1155 890 1300 962 perpetuo
1328 878 1474 940 inferren-

235 986 297 1057 tur;
328 999 365 1042 ex
396 980 488 1044 illatis
520 981 625 1044 statim
653 999 696 1043 oes
719 981 851 1043 debitum
873 982 894 1042 ii
915 981 1118 1063 percipereut3
1151 982 1309 1063 omniaque
1330 979 1473 1040 fierente

235 1079 398 1160 republica.
440 1081 569 1144 antehac
589 1082 634 1144 ita
654 1100 703 1143 res
722 1101 755 1144 se
778 1081 885 1145 babuit
906 1081 967 1165 (cfr
987 1082 1094 1146 Haenel
1116 1083 1136 1144 l.
1158 1083 1178 1144 l.
1199 1102 1230 1163 p.
1250 1077 1311 1144 279
1333 1076 1405 1162 sq.).

316 1181 395 1244 harre
421 1181 510 1262 igitur
537 1201 655 1246 cursum
682 1181 833 1262 publicum
855 1183 1028 1246 Hadrianus
1050 1183 1090 1244 ad
1110 1183 1214 1244 fiscum
1235 1179 1400 1244 transtulit.
1442 1187 1474 1240 et

233 1289 341 1362 postea
370 1301 516 1345 summam
549 1282 639 1346 etiam
671 1282 855 1363 diligentiam
887 1283 1059 1346 Antoninus
1085 1283 1160 1346 Pius
1186 1281 1216 1343 in
1242 1282 1300 1345 hac
1321 1299 1353 1342 re
1374 1279 1474 1361 posuit

234 1381 335 1465 (Pius.
364 1383 413 1447 12.
441 1382 456 1464 ξ
483 1384 513 1444 3.
543 1381 759 1446 attentantem
793 1403 913 1446 arreum
946 1405 1064 1446 summ
1096 1380 1253 1466 dilipentic
1283 1369 1473 1458 saltuosis).

234 1481 398 1562 Septimius
430 1502 544 1564 quoque
576 1481 706 1546 Seuerus
728 1481 816 1570 (Seu.
840 1481 895 1569 13)
916 1484 971 1547 hoc
993 1504 1098 1546 munus
1119 1485 1158 1546 ad
1179 1484 1283 1544 fiscum
1306 1502 1326 1543 a
1346 1479 1472 1561 priuatis

233 1582 403 1660 transtulit,
425 1583 531 1665 quibus
553 1583 653 1646 uerbis
675 1583 860 1664 significatur
881 1585 984 1646 mcum
1006 1605 1063 1648 non
1085 1584 1180 1646 solum
1202 1603 1305 1646 curam
1319 1581 1414 1643 omnis
1430 1579 1472 1641 rei

232 1683 414 1765 suscepisse,
446 1692 481 1746 ut
511 1683 624 1747 incolas
655 1684 754 1747 Italia
783 1694 813 1748 et
840 1685 1059 1766 prouinciarum
1082 1685 1121 1746 ad
1144 1703 1249 1746 munus
1271 1681 1472 1764 praestaudum

230 1791 362 1864 cogeret,
383 1783 437 1846 sed
458 1793 492 1848 ut
513 1784 603 1848 etiarn
625 1785 735 1848 rhedas
757 1784 806 1848 uel
828 1787 967 1866 angarias
992 1794 1023 1847 et
1050 1805 1141 1866 equos
1155 1785 1344 1865 iumentaque
1361 1780 1473 1862 iugalia

230 1884 410 1948 conduceret
430 1891 462 1946 et
481 1884 519 1947 iis
541 1885 649 1966 quibus
670 1906 758 1950 cursu
779 1887 898 1966 publico
920 1887 964 1950 uti
986 1885 1099 1950 licitum
1114 1893 1195 1948 esset
1208 1891 1369 1965 praestaret
1382 1882 1471 1964 idque

229 2003 286 2045 sua
306 1985 441 2067 pecunia
483 2005 579 2067 neque
601 1986 679 2048 euim
702 2007 768 2050 curu
789 1986 942 2067 Rudigero
963 1986 1018 2073 (de
1040 2007 1129 2050 cursu
1143 1985 1263 2068 publico
1277 1983 1393 2065 imperii
1407 1983 1472 2044 Ro-

229 2084 318 2147 mani.
340 2085 466 2149 Vratisl.
491 2084 580 2150 1846.
601 2106 631 2167 p.
646 2084 667 2148 9
681 2084 763 2169 sqq.)
785 2095 927 2167 putemus
948 2088 1083 2169 priuatos
1097 2087 1116 2150 i.
1132 2107 1158 2150 e.
1172 2087 1261 2149 urbes
1277 2082 1471 2164 municipales

227 2186 384 2268 pecuniam
416 2186 507 2248 etiam
535 2194 607 2250 tunc
629 2187 816 2268 prestitisse.
858 2197 967 2271 postea
986 2208 1057 2252 uero
1079 2188 1135 2252 hoc
1156 2188 1263 2250 iterum
1285 2206 1350 2248 esse
1373 2191 1471 2246 muta·

227 2293 290 2350 tum
313 2295 442 2368 apparat
462 2306 499 2350 ex
519 2287 593 2350 (lod.
615 2288 728 2351 Theod.
750 2289 768 2352 l.
790 2288 810 2352 l.

308 2387 368 2450 illis
400 2387 526 2470 denique
559 2389 742 2470 temporibus
770 2389 878 2470 quibus
900 2388 1020 2470 scriptae
1041 2397 1112 2452 sunt
1132 2389 1214 2469 leges
1237 2385 1348 2450 codicis
1369 2385 1470 2448 Theo·

227 2487 346 2552 dusisni
366 2508 432 2572 quse
454 2488 491 2552 de
513 2489 570 2552 hac
591 2510 623 2552 re
644 2489 756 2572 aliquid
776 2498 917 2554 statuunt
937 2491 982 2575 (p.
1005 2490 1060 2553 ch.
1075 2483 1252 2570 alo-407)
1267 2487 1365 2570 qualis
1381 2487 1471 2548 luerit

226 2608 330 2652 cursus
350 2588 462 2670 publici
485 2589 650 2666 institutio,
672 2609 710 2652 ex
732 2611 791 2672 qua
813 2592 903 2653 etiam
926 2592 1022 2672 qualis
1045 2590 1136 2654 fuerit
1156 2588 1303 2671 prioribus
1325 2587 1469 2666 tempori-

226 2691 281 2752 bus
303 2690 520 2770 quodammodo
542 2691 736 2767 concluditur,
758 2693 867 2774 optime
884 2691 1044 2771 descripsit
1057 2690 1245 2772 Marquardt.
1260 2688 1308 2751 111
1325 2687 1339 2747 l
1356 2706 1385 2766 p.
1398 2685 1467 2748 305.

226 2808 315 2870 quum
338 2799 438 2852 autem
461 2791 498 2852 de
520 2792 692 2872 diplomatis
714 2792 813 2856 dicens
841 2792 1024 2856 Salmasium
1051 2791 1173 2864 laudat,
1206 2789 1256 2870 qui
1282 2787 1334 2847 illa
1360 2794 1469 2864 postea

226 2887 396 2952 erectiones
428 2891 581 2954 combiuas
603 2892 762 2954 tractorias
784 2893 941 2955 nominata
961 2911 1026 2954 esse
1048 2889 1216 2962 contendit,
1249 2886 1466 2950 admonendum

226 2997 272 3050 ost
293 3007 387 3070 neque
407 2989 437 3050 iu
460 2990 560 3053 codice
581 2992 791 3056 Theodosiano
813 3012 907 3072 neque
928 2992 1009 3072 apud
1030 2993 1105 3054 alios
1127 2990 1184 3052 nisi
1198 2986 1288 3052 medii
1301 2986 1358 3050 aeui
1372 2986 1468 3066 scrip·-

224 3095 305 3152 tores
327 3089 470 3152 combiuae
492 3091 630 3167 uerbum,
653 3093 731 3174 quod
752 3094 863 3168 sciam,
884 3093 1018 3155 inueniri.

307 3189 322 3272 b
343 3188 373 3253 6.
414 3190 456 3254 ad
476 3189 671 3274 collipcndam
691 3202 789 3258 autem
807 3191 941 3276 pralium
963 3229 1002 3238 -
1022 3190 1170 3277 spaprufis
1192 3227 1230 3238 -
1252 3189 1388 3252 incensis.
1410 3188 1466 3252 hoc

225 3290 338 3354 lactum
360 3291 439 3372 quod
460 3311 514 3373 per
534 3299 630 3355 totam
653 3293 865 3375 antiquitatem
888 3294 1016 3374 maxime
1039 3293 1194 3356 laudatum
1217 3300 1264 3354 est
1285 3308 1466 3354 commemo-

224 3400 293 3454 rant
325 3391 415 3454 etiam
446 3392 505 3456 Dio
538 3393 623 3456 Cass.
651 3395 761 3458 LXIX
788 3395 818 3457 8.
859 3397 994 3458 Zonaras
1021 3394 1071 3458 XI
1091 3393 1141 3456 23.
1182 3391 1332 3456 Eusebius
1354 3390 1465 3453 Ghron.

223 3491 346 3573 interpr.
367 3492 540 3576 Hieronym.
563 3493 716 3558 cedrenus
737 3515 766 3577 p.
788 3495 849 3560 438
876 3495 939 3582 (ed.
961 3504 1071 3558 uetust.
1094 3495 1197 3577 script.
1219 3493 1320 3555 cbron.
1342 3491 1465 3553 Patauii

226 3585 321 3677 1787)
341 3593 474 3675 Prosper
494 3614 523 3676 p.
542 3591 618 3657 578:
640 3595 812 3678 Cuspinian.
836 3617 975 3679 anonym.
998 3597 1108 3686 (ihren.
1124 3616 1153 3677 p.
1167 3595 1239 3657 200.
1261 3591 1418 3674 Syncellus
1434 3610 1462 3670 p.

223 3689 299 3768 659,
321 3692 371 3774 qui
392 3693 448 3758 loci
470 3695 595 3759 Eusebii
611 3697 689 3760 male
712 3698 862 3773 meminit,
895 3717 985 3780 quum
1007 3697 1194 3760 Hadrianum
1217 3695 1254 3756 ob
1277 3693 1332 3754 hoc
1354 3691 1383 3752 in
1406 3691 1463 3752 im-

224 3793 336 3872 perium
358 3793 526 3858 Romanum
549 3797 686 3860 meritum
708 3817 728 3860 a
748 3807 856 3862 senatu
869 3799 899 3860 in
916 3799 987 3862 deos
1002 3797 1125 3861 relatum
1141 3816 1206 3858 esse
1221 3800 1335 3868 narrat,
1356 3810 1463 3872 quam-

223 3911 314 3976 quam
334 3893 485 3960 Eusebius
505 3897 537 3960 id
552 3907 714 3980 antequam
728 3899 767 3962 sd
782 3899 994 3962 liberalitatem
1009 3897 1160 3960 Hadriani
1174 3892 1463 3959 commemorandam

223 3993 341 4058 accedit
362 3996 510 4058 memoria
532 3998 635 4060 tradit.
677 3997 765 4080 idque
793 3999 903 4078 optime
931 3998 1094 4073 Eusebius,
1126 3997 1176 4080 qui
1200 3997 1278 4059 hanc
1298 3992 1462 4056 debitorum

223 4092 407 4174 publicorum
440 4096 645 4160 remissionem
677 4097 790 4160 iactam
822 4118 888 4160 esse
921 4106 1022 4161 censet
1052 4099 1207 4162 Hadriano
1235 4097 1265 4157 11
1294 4093 1463 4156 Salinatore

222 4213 320 4258 conss.
343 4215 371 4259 a.
393 4215 422 4275 p.
444 4195 490 4258 cb.
515 4196 589 4274 118,
617 4217 683 4260 cum
716 4216 773 4278 quo
806 4199 998 4261 consentiunt
1025 4207 1055 4262 et
1081 4199 1140 4262 Dio
1167 4198 1187 4276 1,
1210 4197 1230 4258 l.
1253 4189 1378 4277 (ἐλθὼν
1402 4187 1465 4275 γὰρ

222 4292 255 4370 ἐς
285 4291 342 4380 τὴν
368 4290 493 4381 Ῥώμην
519 4297 539 4360 i.
561 4318 586 4361 e.
614 4307 647 4360 ot
662 4297 802 4383 primm
821 4297 954 4362 Romam
975 4300 1056 4364 uenit
1077 4309 1108 4364 et
1128 4297 1236 4362 titulus
1258 4295 1365 4358 Orellii
1385 4292 1465 4368 805,

223 4431 263 4444 -·
284 4417 354 4460 nam
382 4396 445 4461 806
471 4398 588 4480 spurius
616 4407 677 4474 est,
710 4408 744 4462 ut
764 4399 853 4464 facile
874 4409 1000 4482 apparet
1021 4401 1068 4465 nel
1089 4420 1128 4463 ex
1148 4397 1266 4460 nomine
1287 4397 1323 4459 P.
1334 4397 1371 4458 P.
1394 4404 1464 4456 ante

222 4518 334 4564 aunum
354 4498 438 4562 Trib.
459 4500 530 4563 Pot.
551 4499 618 4564 XII
639 4499 775 4563 adhibito
803 4497 864 4586 (cfr
885 4501 980 4564 Orelli
1001 4502 1039 4565 ad
1061 4501 1090 4563 h.
1113 4500 1133 4562 l.
1155 4506 1187 4560 et
1205 4499 1332 4560 Hannon
1354 4495 1374 4557 l.
1395 4494 1415 4556 l.
1436 4513 1465 4576 p.

222 4594 280 4684 82)
302 4636 341 4648 —
363 4607 395 4662 st
415 4620 521 4664 numus
542 4599 676 4688 (Eclrhel
698 4600 718 4664 l.
740 4602 759 4664 l.
780 4620 809 4683 p.
831 4595 908 4686 478)
940 4603 971 4665 in
1004 4601 1087 4663 cuius
1115 4607 1203 4681 parte
1231 4597 1333 4660 antica
1353 4596 1397 4659 ita
1417 4595 1465 4658 in-

223 4699 366 4784 scriptum
387 4700 551 4766 inuenitur:
572 4703 659 4768 ΙΜΡ.
683 4700 863 4768 CAESAR.
885 4700 1116 4766 TRAIANVS.
1137 4697 1405 4863 HADRIAigVS.
1427 4696 1465 4759 Ρ.
