3602 5552
326 541 366 594 44
802 539 892 593 Julius
914 539 1084 596 Centerwsll.

325 718 478 776 uocantur.
521 731 611 793 quum
642 710 754 774 tribuni
784 711 867 774 nulls
898 709 1058 792 potestatis
1084 729 1146 774 sue
1171 711 1293 793 proprie
1313 717 1490 774 ornamenta
1510 707 1569 772 hs·

325 814 444 887 herent,
465 812 591 894 paenulis
611 819 646 874 ut
668 811 758 874 aeteri
779 811 857 874 ciues
879 832 967 893 quum
986 832 1060 894 opus
1075 821 1165 874 esset.
1187 809 1255 895 (cfr.
1270 809 1474 876 Friedldnder
1487 811 1568 874 Dar-

325 914 491 994 stellungen
512 933 567 976 aus
588 914 641 975 der
662 913 859 994 Sittengesch.
882 921 938 976 cet.
958 914 974 975 I
996 934 1025 993 p.
1049 910 1125 998 126)
1145 912 1190 975 uti
1210 920 1379 994 potueruut.

409 1012 475 1096 §t
514 1015 625 1097 primae
645 1011 754 1098 lepioni
774 1011 935 1077 Mineruiae
951 1011 1126 1098 proposuit.
1168 1013 1260 1094 Legio
1280 1016 1296 1076 Ι
1317 1013 1465 1077 Mineruia
1485 1013 1521 1074 P.
1533 1013 1568 1088 F.

326 1117 356 1178 in
389 1114 554 1178 Germania
573 1114 712 1178 inferiore
735 1135 754 1176 a
774 1115 947 1177 Domitiano
968 1114 1083 1196 scripta
1103 1111 1177 1197 (Dio
1199 1114 1285 1179 Cass.
1306 1116 1365 1179 LV
1386 1111 1443 1198 24)
1464 1120 1498 1174 ut
1514 1131 1570 1194 pu·

326 1225 374 1280 tat
405 1216 583 1298 Merquardt
613 1217 710 1278 1112
741 1237 771 1296 p.
804 1215 875 1290 355,
907 1235 944 1278 ne
965 1215 1046 1280 locus
1067 1215 1190 1296 legionis
1212 1216 1323 1299 quintae
1344 1214 1476 1278 Alaudae
1503 1231 1569 1296 quae

326 1317 357 1380 in
390 1317 468 1379 bello
494 1315 663 1379 Sarmatico
696 1317 794 1378 deleta
819 1325 898 1378 esset
923 1337 1036 1379 uacuus
1067 1316 1288 1399 relinqueretur.
1332 1315 1496 1381 Seueriana
1515 1334 1571 1396 po-

328 1427 395 1481 stea
427 1425 534 1482 uocata
565 1425 612 1478 est
633 1417 773 1500 (Henzon
795 1415 893 1500 6682)
915 1427 947 1479 et
968 1417 1078 1480 mansit
1099 1425 1178 1480 certe
1200 1418 1239 1481 ad
1260 1418 1313 1480 illa
1333 1425 1483 1498 tempora,
1503 1415 1571 1498 qui-

328 1521 384 1582 bus
416 1519 530 1600 scripte
561 1525 608 1580 est
627 1518 747 1581 Notitia
767 1518 955 1598 Dignitatum
983 1518 1080 1604 (NOr.
1103 1539 1132 1599 p.
1155 1516 1221 1603 35),
1242 1520 1296 1582 cfr.
1319 1518 1355 1582 de
1376 1518 1435 1580 hac
1455 1516 1571 1598 logione

327 1619 473 1700 Borghesi
505 1618 639 1681 Oeuvree
662 1619 753 1699 epigr.
776 1620 808 1681 II
830 1639 859 1700 p.
881 1619 942 1682 203
964 1629 995 1682 et
1015 1639 1080 1701 quar
1101 1620 1241 1700 praeclare
1262 1620 1292 1682 in
1313 1617 1508 1682 adnotatione
1529 1616 1571 1680 ibi

328 1722 413 1783 lacta
434 1718 602 1800 disputeoit
622 1718 805 1782 Henzenins.
827 1720 913 1782 huius
935 1720 1027 1801 igitur
1047 1720 1171 1800 legionis
1192 1721 1308 1801 legatus
1329 1721 1427 1782 lactus
1442 1726 1489 1780 est
1503 1721 1571 1780 Ha-

329 1822 459 1883 drianus.
504 1841 587 1893 nani,
618 1819 688 1882 licet
720 1821 746 1882 is
779 1820 952 1902 plerumque
986 1820 1149 1884 obtinuerit
1181 1841 1243 1884 mos
1264 1828 1300 1884 ut
1320 1829 1389 1902 poet
1410 1826 1572 1900 praeturam

329 1923 447 1984 demum
470 1921 617 2001 legionum
638 1920 730 2001 legati
751 1922 869 1996 fierent,
890 1930 990 1984 tamen
1011 1921 1043 1984 et
1064 1942 1103 1985 ex
1123 1923 1179 1984 hoc
1201 1922 1265 1984 loco
1286 1928 1316 1984 et
1338 1940 1376 1983 ex
1396 1922 1469 1984 Tac.
1490 1919 1572 1982 Anu.

328 2024 360 2085 11
388 2021 428 2084 36
461 2020 505 2104 (p.
528 2021 583 2084 Oh.
607 2019 654 2084 16.
676 2043 749 2084 nam
769 2023 882 2085 censuit
908 2017 1068 2086 Galliam
1089 2059 1128 2070 —-
1148 2020 1299 2108 lupianum
1312 2020 1416 2105 lopati,
1439 2022 1492 2105 qui
1505 2029 1573 2084 onte

327 2129 492 2206 pretor-am
524 2142 559 2184 ea
591 2119 698 2185 rnilitia
727 2121 931 2206 funpebuntur
955 2125 1019 2186 iam
1042 2132 1267 2208 temperatores
1286 2121 1522 2202 destinarentur)
1543 2121 1575 2183 id

330 2242 388 2285 non
420 2243 535 2304 semper
554 2232 706 2285 seruatum
729 2243 795 2286 esse
817 2223 971 2304 colligitur.
1015 2225 1086 2306 quin
1108 2224 1198 2286 etiam
1220 2242 1439 2305 nonnumquam
1461 2225 1574 2285 tactum

329 2332 376 2386 est
411 2333 446 2386 ut
477 2324 527 2406 qui
559 2323 732 2386 fortitudine
765 2332 818 2387 aut
849 2325 893 2387 rei
924 2325 1062 2387 militaris
1093 2324 1220 2387 scientia
1248 2333 1337 2406 atque
1370 2344 1426 2386 usu
1446 2332 1576 2406 praesta-

330 2434 397 2487 rent
424 2445 517 2506 neque
542 2425 725 2488 senatoriam
746 2425 893 2488 haberent
914 2425 1091 2506 dignitatem
1113 2445 1163 2488 eos
1184 2425 1262 2488 inter
1283 2425 1458 2508 quaestorios
1480 2425 1576 2488 trihu-

331 2525 422 2588 nioioe
444 2525 598 2606 praetorIos
620 2525 782 2605 allegarent
803 2527 1015 2606 imperatores,
1037 2533 1198 2608 antequam
1213 2527 1251 2589 ed
1266 2527 1343 2590 hanc
1358 2525 1494 2588 militiam
1505 2545 1576 2606 pro-

331 2626 510 2690 ueherentur
532 2625 641 2711 (Orelli
662 2622 748 2710 922).
791 2627 910 2689 luerunt
931 2627 1021 2689 etiarn
1044 2628 1094 2709 qui
1116 2647 1206 2708 quum
1228 2635 1327 2690 essent
1347 2625 1489 2690 interiore
1504 2645 1577 2690 con-

331 2727 442 2791 ditione
476 2747 564 2809 quam
596 2735 630 2790 ut
651 2727 744 2808 legati
764 2727 827 2790 fieri
848 2737 987 2808 possent,
1009 2729 1175 2790 nominibus
1196 2730 1406 2810 praefectorum
1427 2727 1475 2790 uel
1497 2747 1577 2808 prae-

331 2829 495 2910 poeitorum
528 2828 626 2892 ornati
651 2828 780 2910 legiones
803 2830 944 2892 ducerent
964 2827 1035 2915 (cfr.
1057 2830 1189 2892 Henzen.
1211 2830 1304 2892 India.
1326 2849 1356 2910 p.
1380 2829 1439 2891 123
1459 2849 1525 2910 sqq.
1546 2827 1577 2890 in

331 2930 418 2993 titulo
450 2951 498 2994 mo
530 2924 611 2993 6747
642 2929 794 2993 inuenitur
816 2930 948 2993 centurio
969 2929 1150 3012 primipilus,
1172 2931 1222 3012 qui
1244 2939 1350 3011 postea
1372 2929 1508 2992 adlectus
1530 2938 1578 2993 est

332 3030 372 3092 ad
404 3051 526 3092 munera
546 3033 631 3112 prael.
651 3031 724 3112 Leg.
745 3031 828 3095 VIII
849 3031 934 3094 Glau.
957 3038 987 3093 et
1008 3031 1111 3113 primae
1132 3030 1323 3117 Adiutricis).
1366 3031 1487 3112 praeluit
1507 3050 1577 3093 uero

332 3131 507 3192 Hadrianus
528 3131 597 3192 huie
617 3132 725 3212 legioni
747 3133 850 3194 eodem
873 3142 1007 3214 ternpore
1027 3152 1085 3214 quo
1107 3142 1216 3214 praetor
1238 3142 1318 3207 erat,
1339 3139 1374 3194 ut
1388 3131 1578 3212 cognocimus

333 3250 372 3292 ex
402 3231 594 3310 inscriptione
620 3231 674 3293 illa
698 3231 878 3295 Atheniensi
906 3254 993 3315 quam
1015 3235 1128 3314 primus
1149 3233 1323 3296 Henzenius
1344 3232 1438 3296 edidit
1459 3233 1489 3294 in
1510 3233 1578 3296 An-

333 3330 395 3393 nali
417 3330 629 3394 dell’lnstituto
652 3332 682 3393 di
705 3335 971 3414 correspondenzia
992 3335 1197 3415 aroheologica
1220 3335 1367 3398 XXXIV
1384 3354 1412 3397 a.
1430 3332 1526 3410 1862,
1548 3342 1580 3396 et

334 3431 546 3496 commentario
566 3432 709 3494 instruxit
730 3452 750 3494 a
769 3434 892 3496 summis
916 3433 989 3497 uiris
1017 3436 1146 3498 maxime
1167 3435 1306 3511 laudato;
1327 3454 1378 3498 eos
1398 3443 1499 3498 temen
1522 3455 1579 3498 au·

333 3534 417 3597 nales
448 3533 479 3594 in
512 3533 568 3596 hac
589 3533 668 3614 apud
691 3552 745 3596 nos
767 3533 804 3596 de
826 3553 950 3597 romana
971 3534 1150 3615 antiquitate
1172 3535 1315 3598 librorum
1336 3535 1462 3616 penuria
1482 3536 1579 3617 inspi-

335 3655 401 3697 cere
433 3634 515 3696 nullo
548 3633 634 3696 modo
663 3633 735 3696 mihi
756 3633 889 3714 contigit.
927 3634 1005 3697 dabo
1026 3635 1117 3716 igitur
1138 3637 1342 3718 apographum
1365 3657 1403 3698 ex
1422 3637 1579 3718 Philologo

341 3734 417 3798 [864
448 3755 477 3816 p.
506 3734 581 3798 560:
603 3733 643 3796 P.
664 3731 750 3798 Aelio
771 3733 811 3798 P.
833 3733 872 3797 It‘.
893 3732 979 3818 Serp.
1000 3732 1167 3800 Hadriano
1186 3732 1204 3824 s
1224 3757 1280 3800 coe.
1309 3734 1383 3800 VII.
1406 3737 1484 3802 niro.
1505 3761 1579 3824 epu·

334 3836 445 3900 haum.
482 3833 590 3900 rotali.
628 3833 789 3918 cupustdli.
824 3834 878 3919 lep.
898 3857 965 3922 pro.
982 3857 1035 3920 pr.
1056 3838 1130 3923 imp.
1151 3857 1252 3900 mruoe
1272 3836 1398 3902 traianI
1413 3833 1432 3926 J
1451 3839 1579 3904 cesaris.

335 3960 403 4023 cup.
424 3936 599 4022 germanici.
622 3935 728 4000 deciri.
744 3938 908 4022 pannonios
927 3937 1085 4024 inferioris
1102 3947 1215 4025 prretor
1235 3939 1393 4024 eodemque
1412 3935 1431 4028 s
1450 3949 1580 4025 tempore

335 4039 390 4125 lep.
411 4037 465 4122 lep.
488 4037 515 4102 1.
538 4036 705 4102 Minerviae.
723 4059 757 4122 p.
772 4040 804 4125 f.
826 4037 907 4102 bello.
929 4039 1041 4105 dorico.
1064 4041 1143 4105 item.
1165 4038 1232 4104 trid.
1252 4039 1329 4126 pleb.
1351 4041 1498 4126 quaestori.
1520 4043 1580 4105 im-

333 4141 484 4227 peratoris
514 4136 532 4229 s
563 4138 686 4202 trairini.
719 4147 754 4202 et.
780 4139 888 4212 oomdi.
915 4142 1121 4225 expeditionis.
1146 4141 1248 4205 decim
1270 4142 1366 4206 donis.
1389 4141 1580 4206 militaribus.

336 4241 374 4305 ob
395 4263 436 4306 eo.
458 4241 575 4305 donato.
597 4238 651 4302 hie.
673 4238 740 4304 trib.
762 4239 816 4324 lep.
838 4239 880 4302 ΙΙ
895 4236 914 4329 s
933 4242 1091 4306 adiutricia
1107 4264 1142 4327 p.
1162 4241 1187 4323 f.
1209 4245 1278 4308 item
1298 4241 1430 4328 lepionie.
1458 4240 1493 4306 V.
1514 4265 1579 4307 moe

336 4343 489 4406 cederaicoe.
512 4343 581 4406 item
601 4339 734 4425 lepionis.
756 4339 869 4402 XXII
884 4341 1082 4427 primigeniae.
1102 4364 1134 4426 p.
1149 4344 1181 4430 s.
1205 4345 1305 4408 seniro
1324 4338 1342 4431 s
1361 4354 1466 4408 turmae
1487 4365 1530 4428 eq.
1552 4367 1579 4407 r.
1647 4396 1655 4412 .
1762 4409 1763 4430 q

333 4444 426 4528 prees.
452 4444 608 4528 feriarum
641 4441 814 4506 latinarum.
847 4439 883 4502 X
907 4441 974 4504 niro
995 4465 1019 4506 a.
1041 4443 1061 4506 i.
1082 4441 1099 4531 s
1120 4441 1139 4527 ἢ
1160 4443 1194 4520 ἐξ
1210 4439 1333 4529 Ἀρείου
1353 4437 1461 4522 neiron
1481 4442 1580 4529 βουλὴ

338 4547 394 4605 καὶ
424 4541 443 4627 q
463 4543 526 4610 τῶν
546 4541 722 4621 ἑξακοσίων
743 4545 799 4606 καὶ
820 4537 838 4606 ri
859 4539 957 4628 δῆμος
978 4539 996 4607 ri
1013 4539 1200 4629 Ἀθηναίων
1221 4541 1276 4611 τὸν
1296 4544 1437 4632 ἄρχοντα
1458 4543 1580 4610 inorrir

333 4639 530 4738 ’Adprovrirs-
572 4647 762 4712 confirmatur
776 4645 832 4712 hoo
843 4645 931 4710 titulo
946 4645 1036 4709 etiam
1051 4647 1130 4734 quod
1145 4647 1245 4730 paullo
1258 4648 1337 4710 inira
1354 4648 1470 4712 dicetur
1483 4651 1578 4713 multa
