3602 5552
328 461 364 516 18
674 541 680 554 Ι
790 461 880 542 Julian
901 463 1070 518 centemall.

262 632 309 698 12
322 637 357 698 ct
382 637 461 723 post
484 636 729 698 testamentum
754 626 894 723 quidem
920 625 1044 700 iterum
1071 651 1108 698 se
1133 640 1186 698 est
1212 638 1353 698 conatus
1374 623 1538 697 occidam.

323 727 496 800 subtracto
521 725 668 824 pugione
693 728 818 800 saeuior
842 728 953 799 factus
979 729 1079 826 petiit
1103 743 1139 800 et
1165 752 1335 799 uenenum
1358 725 1539 806 amedico,

262 828 379 926 laqui
405 853 442 900 se
467 827 541 924 ipse
566 853 609 899 ue
634 829 732 900 daret
756 829 889 901 occidit.

267 931 311 1009 25
422 953 463 1001 aa
493 943 699 1026 tempestate
731 931 931 1028 superuenit
961 932 1122 1028 quaedam
1155 930 1278 1001 mulier
1309 951 1389 1025 qnae
1413 926 1541 999 diceret

322 1029 454 1104 somnio
486 1055 523 1102 se
548 1030 715 1103 monitam
742 1045 783 1101 ut
807 1031 994 1104 insinuaret
1019 1030 1197 1104 Hadriano
1222 1056 1266 1102 ne
1291 1057 1328 1102 se
1354 1028 1573 1109 occideret,5

321 1133 414 1230 quod
445 1144 537 1203 esset
567 1130 654 1203 bene
678 1131 855 1204 ualituros.
907 1133 1000 1229 quod
1032 1159 1110 1206 cum
1136 1159 1204 1206 non
1230 1132 1367 1204 fecisset
1392 1145 1446 1202 est
1470 1153 1540 1202 cae-

322 1248 406 1305 eata.
458 1233 550 1305 iussa
581 1246 697 1306 tamen
728 1232 854 1306 iterum
886 1232 1063 1306 Hadriano
1104 1235 1226 1306 eadem
1264 1234 1377 1306 dicere
1412 1232 1456 1303 ad
1481 1255 1540 1328 ge-

285 1342 389 1408 2uua
420 1333 502 1416 eius,
529 1333 644 1407 oculos
669 1349 848 1432 receptura
873 1335 902 1408 si
927 1335 963 1407 id
989 1335 1135 1408 fecisset.
1187 1336 1278 1432 quod
1305 1359 1385 1406 cum
1410 1332 1539 1405 insom-

323 1437 419 1508 nium
453 1435 632 1532 implesset
669 1436 784 1508 oculos
811 1436 953 1534 recepit,
980 1461 1059 1508 cum
1085 1462 1174 1535 aqua
1198 1459 1278 1533 quae
1301 1435 1338 1507 iu
1363 1435 1442 1506 lano
1468 1446 1542 1504 erat

287 1543 365 1611 3ex
390 1562 459 1634 quo
484 1550 626 1608 uenerat
650 1537 766 1609 oculos
791 1536 965 1609 abluisset.
1006 1539 1103 1609 uenit
1127 1552 1162 1609 et
1187 1539 1231 1610 de
1257 1535 1436 1610 Pannonia
1461 1535 1591 1632 qui-10

323 1640 402 1710 dam
438 1643 565 1728 [uetus]
597 1662 708 1709 caecus
739 1638 784 1709 ad
810 1638 1013 1711 febrientem
1039 1638 1256 1711 Hadrianum
1282 1661 1430 1734 eumque
1456 1661 1538 1707 con·

286 1740 408 1836 4tigit.
460 1764 528 1836 quo
561 1739 650 1810 laeto
676 1751 712 1810 et
736 1739 811 1834 ipse
837 1740 952 1812 oculos
977 1741 1106 1838 recepit
1131 1754 1167 1812 et
1192 1738 1408 1812 Hadrianum
1435 1736 1540 1809 febris

321 1839 468 1938 reliquit
520 1839 679 1935 quamuis
716 1838 850 1912 Marius
885 1840 1063 1914 Maximus
1098 1841 1173 1914 haeo
1198 1867 1260 1937 per
1285 1837 1539 1912 simulationem

288 1942 412 2015 blacta
437 1954 692 2014 commemoret.
743 1955 822 2038 post
848 1942 923 2014 heac
949 1941 1146 2016 Hadrianus
1172 1941 1276 2013 Baias
1301 1940 1402 2038 petiit
1428 1939 1540 2010 Auto-

287 2043 404 2116 6nino
441 2041 567 2114 Romae
604 2043 648 2114 ad
685 2042 925 2139 imperandum
951 2045 1080 2117 rehcto.
1132 2044 1190 2116 ubi
1217 2067 1296 2116 oum
1322 2040 1408 2113 nihil
1433 2039 1539 2136 profi·
1558 2066 1591 2118 15

323 2159 414 2216 ceret
444 2143 604 2216 arcessito
630 2144 806 2216 Antonino
831 2145 867 2217 in
893 2161 1076 2243 conspectu
1102 2146 1175 2217 eius
1201 2145 1293 2243 apud
1319 2143 1411 2240 ipsas
1437 2140 1542 2214 ,Baias

287 2244 424 2342 7pcriit
461 2243 517 2317 die
555 2242 607 2316 VI
643 2245 765 2317 iduum
790 2243 967 2318 Iuliarum.
1013 2247 1212 2343 innisusque
1239 2244 1398 2316 omuibus
1425 2243 1540 2340 sepul-

285 2353 378 2420 8tus
404 2359 457 2419 est
481 2345 516 2417 in
542 2344 624 2418 uilla
649 2343 872 2418 Ciceroniana
898 2345 1063 2420 Puteolis.
1113 2349 1178 2419 sub
1203 2348 1278 2443 ipso
1304 2345 1425 2418 mortis
1450 2358 1541 2416 tem-

322 2473 403 2544 pore
429 2462 465 2519 et
489 2443 693 2518 Seruianum
720 2449 905 2545 nonaginta
921 2474 1028 2521 annos
1045 2463 1214 2546 agentem,
1232 2463 1270 2519 ut
1288 2446 1541 2544 supradictum

322 2562 391 2630 est,
423 2575 465 2620 ue
490 2549 556 2620 sibi
581 2549 817 2644 superuiueret
842 2564 956 2646 atque,
982 2564 1021 2621 ut
1045 2550 1204 2647 putabat,
1231 2551 1425 2644 imperaret,
1453 2548 1540 2617 mori
1558 2579 1592 2630 20

322 2649 441 2746 coegit.
478 2663 513 2722 et
538 2649 582 2722 ob
608 2649 701 2721 leues
727 2649 875 2723 offensas
901 2652 1068 2749 plurimos
1094 2652 1194 2724 iussit
1219 2651 1338 2731 occidi,
1364 2673 1450 2744 quos
1468 2649 1542 2718 An-

286 2753 460 2825 9toniuus
496 2752 693 2824 reseruauit.
757 2767 792 2823 ct
831 2753 979 2825 moriens
1018 2754 1157 2850 quidem
1185 2754 1248 2824 hos
1274 2775 1393 2822 uersus
1421 2749 1542 2820 fecisse

322 2853 446 2926 dicitur
1124 2891 1127 2894 -

649 2954 801 3027 animula
826 2956 948 3053 ungula
974 2955 1136 3027 blandula

648 3055 775 3155 hospes
801 3081 984 3155 comesque
1009 3056 1178 3153 emporia,

648 3179 727 3253 qnae
751 3182 841 3230 nuno
867 3158 976 3231 abibis
1002 3159 1037 3230 in
1063 3158 1137 3228 loca

647 3256 811 3351 pallidula
836 3258 946 3356 rigida
970 3259 1114 3341 nudula;

649 3381 726 3438 uec,
753 3372 793 3428 ut
818 3358 921 3441 soles,
948 3358 1046 3430 dabrs
1072 3358 1185 3430 iocos?
1292 3389 1295 3394 ·

262 3462 308 3528 10
321 3457 407 3528 tales
433 3469 549 3528 autem
574 3479 636 3526 neo
662 3459 771 3529 multo
797 3459 955 3530 meliores
981 3459 1062 3530 fecit
1088 3471 1123 3528 et
1149 3456 1300 3528 Graecos,

259 3558 305 3635 2⁶
417 3557 504 3629 uixit
533 3556 630 3628 aunis
663 3556 772 3629 LXII
804 3558 981 3630 mensibus
1013 3557 1192 3629 Vdiebus
1218 3556 1339 3628 XVII.
1392 3558 1541 3656 impera·
1558 3591 1593 3644 30

323 3659 374 3730 uit
411 3658 510 3730 annis
548 3656 627 3730 XX
646 3659 836 3732 *mensibus
862 3657 931 3731 XI.
983 3671 1114 3730 statura
1139 3658 1204 3730 fuit
1228 3683 1405 3755 procerus,
1432 3663 1542 3732 forma

321 3773 495 3858 comptus,
521 3759 610 3831 flexo
636 3762 680 3832 ad
707 3760 878 3858 pectinem
904 3759 1037 3856 capillo,
1064 3758 1232 3858 promissa
1258 3759 1374 3843 barba,
1400 3775 1439 3834 ut
1464 3763 1540 3834 uul-

320 3887 402 3935 nera
427 3884 505 3958 quaa
529 3861 566 3932 in
591 3862 677 3934 facio
702 3860 869 3934 naturalia
895 3875 992 3934 erant
1015 3873 1155 3960 tegeret,
1173 3860 1375 3934 habitudine
1392 3863 1540 3936 robusta.

285 3964 496 4062 2equitauit¹
512 3960 771 4059 ambulauitque
796 3961 983 4059 plurimum
1009 3963 1181 4060 armisque
1207 3975 1242 4035 et
1262 3962 1333 4060 pilo
1351 3989 1387 4038 se
1405 3987 1541 4062 semper

286 4066 480 4138 3exercuit
531 4076 676 4136 uenatus
712 4063 986 4162 frequentissime
1022 4066 1156 4138 leonem
1189 4089 1293 4136 manu
1319 4091 1380 4138 sua
1406 4064 1538 4138 occidit.
1556 4091 1590 4147 ει

322 4167 477 4240 uenando
501 4179 617 4239 autem
643 4166 798 4264 iugulum
825 4178 861 4238 et
886 4179 1016 4238 costam
1041 4167 1152 4264 fregit.
1205 4165 1422 4240 uenationem
1448 4189 1540 4239 sem-

285 4274 383 4363 4per
409 4293 487 4340 cum
512 4267 632 4340 amicis
657 4266 885 4364 partieipauit.
928 4267 964 4340 in
1002 4267 1160 4340 conuiuio
1185 4269 1378 4364 tragoedias
1405 4289 1541 4343 comoa·

323 4367 397 4440 dias
428 4369 613 4451 Atellanas,
640 4368 819 4441 sambucas
844 4368 988 4440 lectores
1020 4380 1138 4465 poetas
1164 4392 1226 4464 pro
1252 4393 1289 4440 re
1314 4393 1451 4465 semper
1476 4391 1535 4441 ex-

286 4468 442 4540 ohibuit
494 4468 710 4542 Tiburtinam
745 4469 863 4541 uillam
898 4469 984 4542 mire
1023 4468 1263 4550 exaedificant,
1300 4469 1349 4542 ita
1373 4481 1413 4542 ut
1437 4469 1473 4540 in
1498 4491 1539 4540 ca

322 4581 358 4642 ct
383 4568 635 4666 prouinciarum
666 4583 703 4644 et
732 4571 884 4644 locorum
917 4568 1137 4644 celeberrima
1160 4569 1299 4642 nomina
1324 4569 1536 4650 inscriberet,
1554 4594 1589 4650 40

321 4669 415 4746 uelut
458 4668 606 4772 Lycium
658 4671 869 4749 Academias
916 4669 1140 4770 Prytanium,
1180 4667 1362 4769 Canopum
1404 4668 1536 4743 Pioilen
