3602 5552
327 534 364 588 12
793 523 883 580 Julius
905 522 1075 578 Genterwall.

322 697 415 772 tibus
440 692 680 792 peritissimus,
705 701 822 764 tamen
848 689 1058 787 professores
1083 686 1239 762 omnium
1264 685 1392 760 artium
1408 711 1547 788 semper

262 805 307 873 11
323 813 362 872 ut
387 797 520 870 doctior
544 793 635 876 risit,
662 791 885 888 contempsit,
912 789 1062 863 obtriuit.
1116 814 1195 860 cum
1222 787 1277 860 his
1302 787 1387 887 ipsis
1413 791 1545 887 profes-

322 898 457 974 soribus
495 909 530 970 et
567 892 783 992 philosophis
819 891 916 964 libris
951 892 1009 964 uel
1035 890 1244 963 carminibus
1268 889 1420 964 inuicem
1446 892 1547 966 editis

262 1008 309 1074 12
322 1025 415 1098 saepe
454 998 611 1070 certauit.
668 1008 704 1067 et
742 992 936 1066 Fauorinus
973 993 1131 1090 quidem,
1170 1017 1250 1064 cum
1288 991 1436 1064 uerbum
1474 995 1547 1070 eius

320 1102 496 1202 quondam
522 1099 565 1172 ab
592 1096 770 1198 Hadriano
796 1095 1042 1192 reprehensum
1068 1104 1159 1166 esset
1180 1106 1284 1190 atque
1302 1093 1359 1166 ille
1377 1095 1581 1184 cessisset,5

322 1201 543 1303 arguentibus
580 1197 700 1274 amicis
736 1197 831 1295 quod
868 1196 958 1268 male
997 1195 1134 1268 cederet
1165 1193 1343 1268 Hadriano
1370 1196 1413 1268 de
1438 1200 1545 1272 uerbo

321 1308 415 1404 qnod
440 1304 555 1377 idonei
579 1313 735 1376 auctores
761 1288 999 1394 usurpassent,
1025 1297 1134 1369 risum
1159 1296 1447 1370 iucundissimum
1468 1326 1544 1373 mo-

262 1412 308 1480 13
322 1409 382 1480 uit.
432 1406 482 1479 ait
506 1405 599 1478 enim
624 1401 702 1476 'non
734 1412 827 1474 recte
852 1399 1021 1480 suadetis,
1047 1398 1249 1481 familiares,
1274 1398 1335 1496 qui
1360 1423 1429 1471 non
1454 1402 1545 1496 pati-

299 1510 410 1591 tmiui
435 1533 492 1578 me
516 1508 616 1580 illum
641 1502 830 1577 doctiorem
855 1499 1016 1573 omnibus
1042 1500 1181 1573 credere
1208 1502 1268 1597 qui
1290 1498 1395 1573 habet
1409 1501 1549 1600 triginta

323 1606 495 1708 legiones.’
1568 1639 1602 1696 10

262 1745 302 1823 ld
414 1743 518 1815 famae
543 1735 686 1810 celebris
713 1732 912 1806 Hadrianus
938 1747 1012 1806 tam
1036 1735 1182 1831 cupidus
1208 1734 1274 1808 fuit
1299 1748 1339 1808 ut
1364 1735 1468 1812 libros
1495 1740 1548 1813 ui-

322 1858 369 1918 tae
407 1867 480 1916 suae
515 1840 660 1936 scriptos
696 1861 717 1907 a
748 1860 785 1908 sc
811 1835 943 1908 libertis
969 1835 1039 1908 suis
1066 1836 1226 1910 litteratis
1253 1837 1403 1920 dederit,
1428 1839 1551 1916 iubens

324 1959 365 2018 ut
396 1970 454 2018 eos
480 1942 550 2016 suis
576 1937 774 2012 nominibus
799 1936 1023 2034 publicarent.
1074 1964 1155 2011 nam
1182 1951 1217 2012 et
1242 1937 1444 2038 Phlegontis
1470 1942 1550 2016 libri

288 2045 497 2121 2Hadriani
533 2067 608 2116 esse
646 2040 817 2112 dicuntur.
881 2040 1108 2112 cataehannas
1145 2040 1252 2114 libros
1289 2042 1550 2118 obscurissimos

290 2146 577 2222 3Antimachum
602 2141 767 2216 imitando
795 2141 941 2239 scripsit.
985 2139 1090 2213 Floro
1115 2156 1229 2238 poetae
1255 2143 1419 2218 scribenti
1444 2146 1488 2218 ad
1514 2171 1551 2218 se
1571 2173 1602 2228 rs

708 2301 771 2373 ego
796 2278 876 2350 nolo
902 2274 1020 2349 Cacsar
1046 2301 1134 2357 esse,

705 2377 881 2451 ambulare
906 2404 969 2475 per
994 2375 1199 2462 Britannos,

706 2575 886 2676 Scythicas
911 2579 985 2679 pati
1010 2580 1166 2677 pruinas,

290 2697 313 2761 4
326 2687 502 2785 rescripsit

707 2809 769 2881 ego
795 2783 874 2855 uolo
900 2781 1025 2855 Florus
1050 2807 1142 2867 esse,

707 2884 884 2956 ambulare
911 2911 973 2982 per
998 2884 1174 2969 tabernas,

706 2986 840 3059 latitare
866 3011 928 3083 per
952 2986 1113 3082 popinas,

708 3087 833 3161 culices
858 3086 932 3184 pati
957 3087 1134 3160 rotundos.

292 3227 457 3302 bamauit
481 3238 648 3324 praeterea
672 3247 780 3320 genus
807 3235 985 3295 uetustum
1011 3223 1158 3295 dicendi.
1210 3225 1463 3298 controuersias
1489 3227 1551 3300 de·
1570 3255 1603 3309 25

291 3329 496 3403 telamauit.
534 3325 692 3398 Ciceroni
717 3322 895 3405 Catonem,
922 3323 1074 3420 Vergilio
1093 3324 1256 3405 Ennium,
1277 3323 1441 3399 Sallustio
1461 3326 1552 3400 Coe-

330 3431 415 3504 lium
449 3427 619 3528 praetulit,
651 3425 841 3522 eademqne
872 3425 1054 3497 iactatione
1087 3427 1131 3496 de
1160 3423 1315 3497 Homero
1341 3451 1381 3499 ae
1407 3427 1555 3501 Platone

290 3531 499 3606 liudieauit.
552 3526 722 3602 mathesin
749 3525 798 3598 sic
823 3525 909 3597 seire
935 3524 1001 3596 sibi
1027 3523 1122 3597 uisus
1149 3537 1200 3598 est
1227 3540 1267 3598 ut
1292 3552 1369 3600 sero
1396 3529 1553 3604 kalendis

326 3631 495 3706 Ianuariis
526 3627 701 3727 scripserit
732 3626 816 3724 quid
849 3625 881 3698 ei
906 3651 995 3698 auno
1021 3637 1094 3697 toto
1120 3639 1237 3723 posset
1266 3628 1414 3714 euenire,
1440 3631 1489 3705 ita
1516 3645 1555 3706 ut

328 3761 368 3807 eo
399 3758 489 3805 anno
519 3755 588 3829 qno
618 3729 720 3827 periit
748 3751 858 3824 usque
883 3727 927 3798 ad
952 3725 1048 3798 illam
1073 3726 1194 3799 horam
1220 3753 1289 3825 qua
1315 3743 1368 3802 est
1393 3746 1551 3807 mortuus
1569 3756 1603 3809 30

292 3832 502 3932 8seripserit
527 3831 611 3927 qnid
636 3842 773 3902 acturus
799 3841 900 3900 esset.
937 3828 999 3900 sed
1024 3829 1183 3926 quamuis
1204 3843 1296 3902 esset
1313 3831 1350 3902 in
1366 3835 1553 3931 reprehen-

329 3935 451 4010 dendis
502 3930 641 4004 musicis
684 3929 821 4027 tragicis
875 3929 1029 4014 comicis,
1075 3932 1308 4028 grammaticis
1352 3936 1547 4008 rhetoribus

329 4035 520 4114 oratoribus
556 4032 683 4114 facilis,
718 4046 836 4126 tempu
867 4056 987 4106 omnes
1013 4034 1222 4132 professores
1249 4046 1284 4106 et
1309 4034 1491 4109 honorauit
1516 4048 1552 4107 et

293 4139 454 4217 9diuites
490 4134 587 4215 feeit,
626 4133 707 4206 licet
744 4157 803 4205 eos
835 4135 1083 4230 quaestionibus
1110 4160 1247 4231 semper
1273 4136 1464 4234 agitauerit.
1515 4151 1553 4209 at

328 4240 507 4338 cumipse
533 4246 650 4309 auctor
676 4247 766 4309 esset
791 4246 831 4305 ut
855 4235 958 4307 multi
983 4237 1026 4307 ab
1053 4261 1093 4308 eo
1120 4236 1237 4310 tristes
1263 4239 1470 4319 recederent,
1496 4239 1550 4310 di·
1568 4265 1602 4319 35

271 4350 317 4418 10
332 4342 431 4415 eebat
467 4366 504 4413 se
540 4337 690 4436 grauiter
719 4336 809 4408 ferre
835 4335 972 4430 siquem
997 4336 1132 4436 tristem
1159 4338 1302 4411 uideret.
1354 4338 1390 4409 in
1416 4363 1554 4412 summa

311 4439 564 4517 lfamiliaritate
600 4439 802 4536 Epictetum
840 4445 875 4508 et
912 4435 1140 4510 Heliodorum
1178 4439 1402 4536 philosophos
1433 4453 1483 4522 et,
1510 4467 1553 4513 ne

316 4535 536 4615 'nominatim
570 4541 613 4614 de
646 4537 806 4612 omnibus
848 4536 979 4620 dicam,
1014 4540 1256 4636 grammaticos
1286 4541 1440 4612 rhetores
1473 4569 1551 4615 mu-

333 4644 435 4724 sicos,
471 4654 663 4739 geometras
700 4640 847 4738 pictores
878 4641 1066 4738 astrologos
1092 4640 1228 4723 habuit,
1256 4666 1329 4737 prae
1355 4642 1487 4726 ceteris,
1513 4656 1553 4716 ut

273 4756 318 4823 11
335 4745 435 4819 multi
459 4745 636 4825 adserunt,
662 4744 835 4818 eminente
859 4741 1042 4815 Fauorino.
1081 4743 1238 4816 doctores
1263 4741 1324 4839 qui
1349 4743 1551 4840 professioni
1568 4777 1603 4833 40
