3602 5552
672 547 809 620 spuens
829 547 886 604 vra
906 547 1046 606 666611.
1437 545 1475 600 er

322 720 385 784 brec
415 721 505 802 igitur
535 727 603 783 acta
634 727 670 783 ut
699 719 804 801 aliquis
833 728 1021 801 componeret
1047 718 1189 782 adhibitis
1210 717 1315 785 scribis
1336 723 1367 778 61
1389 723 1479 778 uota·

239 822 304 894 riis,
325 841 401 884 unus
422 857 463 868 -·
485 839 551 882 nam
573 821 670 900 plures
692 840 742 884 eos
763 820 854 884 luisse
880 839 1024 900 nusquam
1049 819 1168 884 inuenio
1189 855 1230 866 -
1251 839 1268 882 e
1289 814 1478 880 senatoribus

240 933 274 988 61
294 921 467 1002 deligeretur
488 922 681 984 constitutum
703 930 748 984 est
769 931 799 984 et
820 923 937 1004 quidem
960 941 998 984 ex
1023 940 1057 984 eo
1082 939 1216 996 numero,
1249 919 1298 1001 661
1330 925 1480 998 questura

240 1025 298 1087 iam
321 1024 415 1086 166611
437 1031 545 1084 666661.
587 1023 751 1086 666616161
772 1023 820 1086 116
841 1023 888 1086 661
912 1031 1033 1084 curata·
1057 1031 1189 1086 66161616
1214 1022 1255 1106 (1.
1276 1020 1315 1082 R.
1336 1019 1374 1080 N.
1396 1017 1479 1082 4933

238 1155 272 1178 =
293 1125 415 1186 Heuzeu
438 1117 534 1206 5447)
566 1124 614 1185 661
642 1131 745 1204 postea
764 1131 799 1186 61
819 1133 907 1202 putat
928 1124 1091 1186 1111166166
1111 1123 1258 1186 Η6111661
1279 1122 1341 1183 1616
1361 1140 1381 1184 6
1401 1128 1478 1182 tem·

239 1226 360 1307 poribus
381 1222 418 1286 ob
440 1225 513 1287 uotis
533 1232 651 1286 6166166
679 1222 786 1309 (Orelli
806 1217 897 1286 2273.
930 1223 1023 1288 Orelli
1044 1221 1125 1288 3186
1146 1225 1191 1286 olr
1211 1224 1334 1286 Hennam
1356 1240 1385 1302 p.
1407 1218 1478 1284 510.

239 1318 669 1389 Η661.64815478.5479.
713 1322 1065 1387 0161113113--111
1086 1324 1125 1386 Ν.
1149 1316 1238 1386 1879.
1271 1321 1369 1386 6110.
1391 1322 1415 1384 Ι.
1439 1319 1478 1382 G.

242 1427 321 1488 1133
353 1435 383 1488 61
417 1420 495 1488 1327
526 1423 581 1490 ἐπὶ
612 1425 676 1490 τῶν
706 1419 941 1510 ὑπομνημάτων
972 1425 1024 1509 τῆς
1062 1422 1233 1508 συγκλήτου
1273 1419 1479 1503 (sordidarer

239 1546 308 1591 uero
339 1527 377 1590 ad
409 1528 500 1590 uerba
531 1546 596 1609 666
626 1537 789 1609 sequuntur
816 1563 855 1574 —-
877 1564 918 1574 —
939 1521 1139 1610 ἀγορανόμος
1160 1523 1362 1611 amoveatur
1383 1526 1478 1586 refero

238 1637 342 1690 contra
372 1627 547 1690 Hiibaerum
579 1636 608 1690 et
639 1628 807 1708 Zumptium
830 1628 943 1692 061616.
965 1629 1052 1710 epigr.
1074 1629 1106 1692 II
1126 1649 1156 1710 p.
1177 1629 1218 1690 30
1239 1647 1296 1708 sq,
1324 1643 1409 1708 quem
1432 1623 1477 1686 lo-

238 1748 304 1792 cum
334 1727 511 1792 Hi'rbnerum
543 1747 601 1790 uon
633 1729 805 1808 cognouisse
830 1739 956 1810 apparet
977 1727 1084 1813 (Orelli
1105 1723 1195 1793 2274.
1218 1727 1328 1792 Marini
1349 1725 1405 1790 atti
1427 1724 1475 1788 dei

238 1831 306 1892 1161.
333 1849 396 1892 616.
421 1829 482 1890 161.
507 1829 593 1891 LXI.
635 1830 756 1891 Henzen
786 1827 876 1892 6020.
919 1830 1006 1894 Grut.
1033 1829 1110 1904 446,
1137 1832 1166 1894 3.
1198 1831 1223 1893 l.
1250 1829 1289 1892 R.
1316 1829 1355 1892 N.
1382 1822 1474 1890 3137.

238 1930 412 1992 Kellermen
442 1929 641 2009 1161616616.
669 1927 725 2003 67,
752 1931 822 1994 244.
864 1931 1001 1994 Fabretti
1029 1951 1056 2012 p.
1085 1929 1161 2005 691,
1184 1931 1253 1994 121.
1285 1929 1475 1992 nominantur

235 2039 379 2111 praterea
400 2030 478 2111 apud
499 2030 657 2112 scriptores
679 2039 710 2094 61
732 2032 760 2094 1.
776 2032 1019 2095 1611661166.
1037 2031 1068 2093 V
1088 2032 1109 2094 4
1129 2031 1285 2096 11160666.
1300 2029 1475 2094 LXXVIII

235 2128 301 2216 22).
344 2131 514 2194 institutum
547 2140 593 2194 661
624 2150 729 2194 166666
753 2141 788 2194 61
814 2132 972 2195 uerisimile
994 2142 1039 2195 est
1059 2133 1188 2196 Neronis
1210 2134 1271 2195 1616
1292 2131 1475 2213 temporibus

235 2233 306 2295 Tac.
329 2232 347 2294 l.
370 2228 415 2316 1.).
458 2251 478 2294 a
497 2232 629 2312 principe
651 2251 719 2294 uero
741 2233 989 2313 designabantur,
1011 2253 1100 2315 quare
1121 2234 1268 2297 interdum
1289 2233 1474 2296 uocabantur

234 2331 272 2394 ab
302 2330 378 2396 66116
404 2330 555 2416 princepis
587 2330 695 2417 (Orelli
716 2327 823 2418 2273).
866 2331 1079 2403 1166116661
1100 2333 1178 2396 idem
1200 2332 1364 2414 significare
1385 2340 1475 2414 atque

234 2433 264 2496 id
296 2434 373 2514 quod
404 2443 452 2496 est
482 2434 521 2496 ab
552 2433 627 2496 actis
658 2441 782 2496 senatus
814 2434 861 2496 uel
886 2454 924 2497 ex
949 2453 983 2496 eo
1008 2435 1164 2510 euincitur,
1194 2435 1274 2516 quod
1293 2434 1420 2496 eundem
1441 2433 1472 2496 16

234 2534 308 2597 66116
338 2533 483 2596 bonorum
514 2534 629 2597 obtinet
661 2534 765 2598 locum.
814 2535 870 2597 boc
898 2543 1000 2598 autem
1022 2554 1128 2598 munus
1149 2533 1259 2616 aliquid
1282 2533 1473 2596 commenda-

234 2634 325 2698 tionis
357 2634 495 2696 babuisse
526 2655 564 2696 ex
590 2652 625 2696 eo
652 2634 828 2716 colligimus,
859 2636 938 2717 quod
966 2655 1003 2698 ex
1024 2637 1152 2698 sedecim
1174 2643 1305 2698 actorum
1328 2634 1475 2696 curatori·

235 2735 289 2797 bus
320 2754 443 2816 quorum
475 2735 616 2798 memoria
647 2736 685 2797 ad
712 2755 766 2798 nos
786 2737 934 2816 peruenit,
967 2755 1072 2800 nouem
1093 2736 1233 2800 continuo
1254 2734 1356 2798 aediles
1377 2735 1474 2797 laotos

235 2853 298 2897 esse
326 2835 460 2897 uidemus
487 2836 654 2916 etquidem
676 2836 806 2910 curules,
838 2836 955 2916 quibis
976 2837 1157 2916 temporibus
1178 2853 1230 2917 pro
1253 2833 1472 2898 honestioribus

234 2934 336 2997 haberi
367 2935 463 3015 coepti
494 2943 575 2998 suut:
607 2955 645 2998 ex
675 2937 796 3018 16116616
822 2938 879 3000 166
907 2936 1019 2999 1111661
1047 2937 1140 3016 plebis
1161 2936 1213 2998 sed
1234 2935 1273 2998 ab
1294 2937 1472 3016 Imperatore

234 3035 429 3098 commendati
460 3044 549 3116 61666
580 3056 656 3098 unns
688 3038 766 3118 quod
798 3037 925 3099 maxime
957 3036 1144 3100 memorabile
1169 3037 1284 3101 uidetur
1305 3045 1373 3118 post
1394 3036 1472 3101 1666

235 3143 367 3198 actorum
399 3155 498 3199 curam
532 3136 610 3198 nullo
641 3136 752 3199 bonore
778 3137 953 3216 interposito
980 3145 1089 3218 prator
1116 3138 1213 3202 iactus
1235 3145 1290 3200 est.
1334 3136 1471 3222 (Heuzeu

233 3229 323 3300 5447.
355 3237 390 3298 L.
412 3236 553 3299 Neratius
574 3238 609 3299 L.
632 3238 651 3298 f.
673 3237 730 3300 661.
751 3235 928 3322 Μ61661166)
959 3238 1007 3300 III
1034 3238 1080 3300 uir
1104 3258 1132 3302 6.
1154 3259 1180 3302 6.
1203 3259 1229 3302 a.
1252 3240 1271 3301 1
1293 3239 1314 3301 1.
1335 3239 1471 3304 adlectus

234 3337 309 3400 inter
329 3337 435 3419 patric.
456 3339 494 3400 ab
515 3337 584 3400 diuo
610 3337 798 3418 Vespasiano
823 3348 917 3402 curat.
944 3347 1078 3402 actorum
1109 3347 1232 3403 senatus
1263 3351 1365 3422 quast.
1391 3341 1470 3422 Aug.

232 3436 303 3524 pa).
346 3458 437 3522 66666
460 3439 537 3500 66116
558 3439 695 3520 Zumptio
717 3440 735 3502 l.
758 3440 777 3502 l.
799 3439 978 3504 credendum
999 3448 1045 3504 est
1066 3460 1154 3523 quum
1176 3441 1249 3504 dicit
1273 3442 1352 3523 apud
1374 3442 1470 3523 Spar-

232 3540 346 3602 tianum
375 3539 551 3602 mentionem
583 3539 847 3603 commendationis
878 3541 1033 3604 Hadriano
1065 3543 1104 3604 ab
1136 3543 1312 3623 imperatore
1339 3543 1469 3606 Traiano

231 3641 309 3704 detae
341 3640 484 3704 excidisse
515 3638 575 3724 (olr
601 3641 687 3704 iuscr.
710 3661 758 3722 66.
779 3641 857 3704 1616
884 3642 922 3704 ad
949 3661 974 3704 c.
996 3643 1045 3704 III
1066 3642 1081 3724 i
1102 3639 1148 3727 6).
1194 3643 1272 3724 6661
1293 3643 1469 3722 Μ61666111

232 3742 262 3803 11
283 3742 303 3802 3
324 3761 353 3820 p.
374 3739 435 3804 228
456 3749 486 3806 61
506 3740 567 3803 213
589 3751 690 3806 666661
709 3761 747 3804 ex
771 3743 827 3804 boc
854 3761 971 3806 munere
999 3762 1113 3824 semper
1145 3743 1245 3808 aediles
1277 3744 1373 3806 laotos
1405 3762 1469 3806 esse

231 3851 262 3904 et
292 3843 467 3922 scriptorum
496 3854 527 3906 et
551 3843 703 3905 titulorum
731 3843 908 3906 auctoritate
933 3844 1038 3906 erroris
1066 3844 1213 3925 arguitur,
1246 3851 1280 3906 61
1306 3844 1468 3906 Hi'rbnerus

231 3942 342 4024 etqui
373 3961 439 4004 aum
470 3950 587 4006 secutus
620 3952 666 4004 est
696 3942 826 4023 Longius
853 3938 1067 4007 1136716616
1095 3946 1277 4008 6661661661
1308 3943 1387 4006 1666
1418 3964 1468 4006 se-

230 4043 325 4106 cundo
347 4043 463 4104 demum
484 4043 591 4106 saeeulo
612 4061 723 4104 morem
744 4043 914 4106 obtinuisse.
958 4063 1042 4118 nam,
1067 4047 1145 4126 quod
1172 4046 1245 4109 dicit
1264 4045 1323 4107 Dio
1344 4044 1469 4108 0666166

230 4143 402 4206 LXXVIII
424 4145 464 4206 22
486 4144 522 4206 16
543 4142 675 4204 Domitio
697 4141 802 4215 Floro,
833 4141 877 4205 116
908 4144 1003 4226 accipi
1029 4146 1135 4220 debet,
1167 4155 1201 4208 ut
1233 4145 1268 4207 de
1294 4164 1329 4206 eo
1354 4145 1467 4208 dictum

230 4245 269 4306 sit
290 4244 367 4324 quod
388 4243 547 4324 sepissime
570 4263 623 4304 usu
645 4242 746 4305 uenire
766 4243 886 4306 solitum
908 4253 963 4306 est.
1005 4246 1071 4326 plus
1093 4266 1203 4310 annum
1225 4265 1275 4308 eos
1297 4246 1328 4308 16
1346 4264 1468 4308 munere

230 4344 334 4418 161666,
365 4353 400 4407 61
429 4352 517 4423 putat
547 4343 717 4424 Zumptius,
749 4345 829 4407 credi
861 4362 920 4406 uon
952 4354 1052 4426 potest
1079 4356 1109 4409 et
1137 4346 1260 4410 Traiani
1281 4347 1466 4428 temporibus

230 4446 317 4508 aliter
348 4465 410 4507 rem
442 4463 474 4507 se
506 4445 644 4508 babuisse
676 4445 801 4508 efficitur
832 4463 870 4507 ex
895 4444 993 4509 uerbis
1013 4467 1078 4529 666
1098 4455 1275 4528 sequuntur:
1296 4447 1338 4508 ad
1359 4445 1466 4512 bellum

229 4545 364 4610 16616611
398 4545 564 4610 Troianum
586 4543 777 4629 familiarior
798 4555 972 4630 6166666166
999 4557 1049 4612 661
1093 4548 1140 4610 116
1161 4547 1239 4610 66161
1260 4548 1387 4631 primum
1409 4552 1465 4614 16-

229 4647 323 4710 oicum
350 4648 459 4711 bellum
488 4648 565 4730 6661
586 4655 698 4728 gestum
721 4655 765 4710 est
787 4648 826 4709 ab
847 4666 927 4710 auno
947 4667 977 4728 p.
999 4648 1055 4711 01.
1079 4649 1136 4710 101
1159 4650 1199 4712 61
1218 4670 1246 4713 6.
1270 4651 1329 4714 103
1350 4651 1464 4734 siguifi-

229 4747 290 4812 cari
310 4749 494 4832 perspicuum
522 4756 581 4824 est,
612 4749 650 4812 ed
671 4749 748 4830 quod
768 4767 866 4812 comes
886 4747 1058 4814 Hadrianus
1079 4749 1241 4816 Traianum
1262 4759 1382 4816 secutus
1403 4762 1465 4830 est,

1314 4851 1334 4915 6
