3602 5552
645 543 782 613 Spartiani
805 542 861 595 vita
882 533 1022 590 Hadriani.
1433 531 1471 587 5η

308 709 375 798 §L
422 713 566 778 mittamur
596 714 633 779 ob
663 717 803 800 auspicia
832 718 955 802 imperii
985 719 1134 805 duplicem
1164 711 1352 794 aegithum
1382 703 1474 767 deut.

225 814 375 900 duplicem
400 816 519 880 omittit
543 817 684 880 Palatini
709 819 812 899 prima
839 839 963 895 manns,
996 822 1119 885 addidit
1138 818 1234 884 tertia
1255 817 1336 875 teste
1358 807 1474 869 Petere.

225 919 323 982 miras
355 918 479 999 quidem
512 918 635 981 dicendi
662 918 773 982 modus
801 920 853 983 hio
880 921 1015 999 uidetur,
1047 943 1141 1004 quum
1174 917 1319 982 omnibus
1351 909 1476 992 perspi-

225 1037 316 1083 cuum
343 1019 387 1082 sit
412 1019 531 1082 nnllam
558 1021 697 1101 pecuniae
725 1041 877 1084 summam
907 1025 1111 1087 constitutam
1146 1041 1227 1095 esse,
1258 1036 1347 1099 quam
1377 1015 1476 1076 dona·

225 1121 284 1182 tini
307 1120 430 1182 nomine
451 1121 619 1195 militibus,
645 1122 798 1202 congiarii
821 1123 935 1204 populo
958 1126 1165 1206 imperatores
1184 1119 1350 1200 imperium
1376 1133 1475 1195 nuper

225 1221 334 1303 adepti
360 1221 481 1285 darent.
531 1241 626 1304 qnare
654 1222 721 1286 haec
751 1225 849 1286 uerba
876 1225 955 1288 nihil
991 1226 1077 1289 aliud
1109 1223 1287 1305 significant
1308 1235 1402 1301 quam
1424 1216 1477 1278 iu-

102 1385 106 1394 ,
225 1323 288 1386 iseo
309 1323 390 1386 hanc
411 1322 608 1404 largitionem
629 1322 670 1385 iis
692 1343 758 1405 quac
780 1332 852 1388 ante
880 1326 937 1389 hoc
964 1335 1088 1408 tempus
1117 1328 1209 1388 factae
1239 1328 1344 1394 erant,
1377 1318 1475 1380 multo

226 1421 387 1486 maiorem.
421 1424 529 1488 eodem
551 1431 655 1486 autem
676 1433 816 1508 tempore
838 1428 1032 1508 congiarium
1054 1427 1131 1490 illud
1153 1424 1269 1506 populo
1288 1422 1476 1493 detumeat,

226 1531 263 1588 ut
286 1544 324 1587 ao
350 1525 480 1588 absente
511 1525 594 1587 terni
621 1525 750 1606 singulis
778 1529 865 1590 aurei
895 1529 1120 1590 dividerentur.
1148 1527 1193 1588 cfr
1217 1525 1301 1586 inira
1322 1542 1347 1584 o.
1367 1515 1388 1584 'l
1411 1520 1426 1602 §
1446 1519 1475 1581 3.

227 1625 308 1706 quod
338 1625 434 1688 etiam
469 1627 554 1689 numi
586 1633 744 1691 testantur
775 1647 804 1692 a.
835 1622 893 1690 ll'l
922 1630 989 1692 cusi
1020 1629 1073 1692 cir.
1101 1627 1222 1690 Eclrhel
1250 1625 1269 1686 l.
1291 1623 1311 1685 l.
1342 1643 1372 1704 p.
1401 1616 1477 1695 475,

226 1720 289 1789 476
313 1726 361 1788 ita
387 1725 550 1808 inseripti:

287 1828 377 1890 ΙΜΡ.
399 1826 520 1892 OAES.
546 1827 783 1893 TRAIANVS.
805 1829 1077 1894 HADRIANVS.
1100 1827 1207 1892 Ave.
1230 1831 1325 1907 caput
1352 1824 1477 1885 laurea-

287 1935 353 1992 tum
375 1928 408 1990 in
430 1927 502 1991 ΑΕ.
523 1929 549 2003 Ι,
571 1929 668 1992 etiam
691 1931 846 1994 radiatum
868 1931 900 1994 iu
923 1932 992 1994 ΑΕ.
1014 1930 1057 1993 Il.

228 2018 279 2103 R.
300 2028 427 2093 PONT.
449 2029 561 2093 MAX.
583 2032 649 2094 ΤΒ.
671 2031 766 2095 ΡΟΤ.
789 2032 880 2096 OOS.
903 2033 984 2094 binae
1009 2032 1115 2113 ligurus
1137 2037 1254 2112 togatae
1276 2027 1419 2089 sedentes
1444 2025 1476 2086 in

288 2130 535 2204 substructione,
568 2131 713 2194 adstante
746 2133 952 2208 liberalitate;
987 2133 1028 2195 ad
1061 2132 1201 2214 singulas
1228 2131 1304 2192 hinc
1331 2134 1363 2190 et
1390 2125 1478 2188 illino

288 2231 430 2294 aseendit
451 2232 549 2313 ligura
571 2233 762 2314 congiarium
785 2240 961 2315 acceptura.

309 2332 375 2414 §8.
417 2329 549 2396 uuum
570 2330 709 2411 Qucum
730 2371 771 2381 —-
786 2371 826 2381 -
847 2334 1026 2398 ecarmcuit.
1070 2339 1200 2397 narrant
1226 2340 1258 2395 et
1285 2328 1476 2393 Themistius

226 2433 331 2518 (Orat
353 2433 435 2496 XVI
463 2435 500 2496 da
531 2434 670 2498 Saturno
705 2437 746 2498 ad
773 2436 929 2498 Theodos.
958 2454 988 2516 p.
1010 2435 1072 2498 205
1102 2435 1142 2498 A.
1165 2435 1248 2496 laud.
1276 2453 1296 2494 a
1323 2429 1476 2511 Borghesi

229 2535 345 2598 Oeurr.
365 2554 446 2597 uum.
468 2535 485 2597 I
505 2555 536 2617 p.
556 2533 633 2618 501)
655 2544 688 2598 et
708 2536 771 2600 Dio
794 2537 882 2600 Cass.
902 2536 1048 2600 LXVIII
1070 2538 1111 2599 32
1136 2535 1217 2598 hunc
1238 2553 1335 2614 neque
1357 2533 1477 2593 Roma-

227 2657 298 2699 num
327 2643 360 2698 at
387 2655 425 2698 ne
446 2634 562 2700 Afrum
585 2637 711 2718 quidem
740 2638 838 2700 luisse
860 2639 1067 2720 Maurumque
1088 2636 1150 2699 Dio
1173 2655 1244 2697 eum
1271 2633 1362 2706 lacit,
1392 2631 1476 2693 ouius

227 2736 294 2799 haec
310 2744 385 2799 sunt
402 2737 514 2800 verba:
537 2732 628 2814 οὗτος
643 2743 703 2820 μὲν
714 2734 732 2803 δ
742 2739 863 2824 Κοῆτος
873 2737 1013 2812 Λούσιος
1028 2737 1166 2822 Μαῦρος
1175 2740 1235 2818 μὲν
1246 2730 1295 2818 ἦν,
1318 2737 1373 2794 καὶ
1384 2725 1478 2805 “tidie

228 2838 293 2902 τῶν
323 2835 475 2929 ΜαιίριονΙ
497 2837 606 2925 ἄρχων
633 2845 689 2904 καὶ
715 2840 751 2905 ἓν
777 2836 929 2905 ἱππεῦσιν
959 2839 1010 2932 ίλη
1037 2839 1198 2924 ἐφίστατο.
1237 2835 1478 2914 καταγνωσθεὶς
1554 2861 1555 2866 ’

228 2936 264 3000 δὲ
295 2935 350 3000 tut
383 2941 533 3024 πονηρίᾳ,
565 2941 632 3006 τότε
662 2946 721 3026 μδν
753 2944 806 3026 τῆς
837 2945 999 3029 προνοίας
1031 2937 1200 3027 ἀπηλλάγη
1227 2942 1282 3001 καὶ
1318 2932 1476 3023 ἠτιμώθη·

228 3037 359 3126 ὕστερον
389 3039 426 3104 δὲ
444 3042 501 3105 τοῦ
528 3044 668 3110 Δατιιιοδ
687 3042 828 3126 πολέμου
849 3043 1016 3118 ἐνστάντος
1036 3047 1092 3106 καὶ
1112 3043 1169 3106 τοῦ
1189 3041 1322 3127 στρατοῦ
1340 3040 1395 3125 τῆς
1413 3039 1478 3105 τῶν

229 3140 377 3225 Μαύρων
408 3147 588 3228 συμμαχίας
614 3145 801 3231 δεηθέντος,
834 3145 916 3231 ἦλθε
947 3169 979 3210 τε
1000 3142 1080 3232 πρὸς
1106 3139 1204 3209 ariade
1230 3139 1479 3222 αὐτεπάγγελτος

230 3249 285 3308 καὶ
304 3243 430 3328 μεγάλα
449 3245 529 3333 ἔργα
550 3243 751 3326 ἀπεδείξατο.
772 3253 918 3334 τιμηθεὶς
939 3247 975 3312 δὲ
995 3247 1050 3312 ἐπὶ
1070 3245 1178 3334 τούτῳ,
1202 3241 1285 3311 πολδ
1302 3245 1401 3310 πλείω
1423 3249 1479 3308 καί

229 3344 323 3431 μείζω
340 3346 377 3413 ἐν
389 3349 436 3434 τῷ
455 3348 588 3440 δοντέρηι
609 3350 739 3440 πολέμηι
761 3349 981 3437 ἐξειργάσατο·
1003 3355 1059 3414 καί
1072 3349 1159 3424 τέλος
1173 3349 1205 3424 ἐς
1217 3349 1369 3414 τοσοῦτον
1383 3349 1436 3434 τῆς
1446 3371 1479 3410 τε

230 3446 461 3536 ἀνδραγαθίας
488 3451 558 3535 ἅμα
584 3456 714 3540 καὶτῆς
742 3452 832 3538 τύχης
858 3454 894 3520 ἐν
921 3453 1002 3540 τῷδε
1026 3453 1072 3540 τῷ
1099 3449 1228 3539 πολέμῳ
1248 3449 1477 3538 προεχώρησεν,

231 3545 308 3617 ὥστε
335 3553 368 3629 ἐς
394 3550 467 3629 τούς
495 3555 759 3644 δστρατηγηκδτας
780 3555 983 3642 ἐσγραφῆναι
1003 3561 1058 3620 καὶ
1079 3550 1255 3620 ductorium
1276 3556 1329 3639 τῆς
1349 3575 1381 3615 τε
1401 3557 1475 3616 Πα-

191 3679 195 3686 ·
231 3654 408 3742 λαιστείνης
429 3656 536 3743 ἄρξαι.
564 3659 600 3738 ἐξ
621 3655 667 3725 ὦν
688 3681 753 3725 που
773 3663 828 3723 καὶ
848 3657 889 3724 τοὶ
908 3659 1048 3741 μάλιστα
1068 3656 1246 3744 ἐφθονήθη
1266 3661 1321 3720 καὶ
1341 3653 1478 3738 ἐμισήθη

231 3763 287 3822 καὶ
307 3754 462 3825 α’ποίλειο.
504 3763 660 3828 aduentus
680 3763 779 3845 igitur
800 3764 867 3827 eius
890 3764 930 3826 ad
953 3761 1125 3826 exercitum
1143 3760 1295 3824 Dacicum
1310 3779 1378 3823 oum
1394 3760 1481 3843 equi-

230 3861 316 3924 tibus
337 3863 458 3926 Mauris
481 3871 724 3946 repraesentatur
744 3865 777 3927 in
799 3865 939 3929 columna
960 3863 1102 3927 Traiani.
1136 3863 1169 3925 in
1187 3863 1246 3925 hoe
1268 3881 1342 3924 uero
1364 3861 1481 3924 Dacico

231 3962 314 4025 bello
335 3963 474 4027 Traiano
497 3965 806 4047 Zarmizegethusam
829 3965 986 4029 obsidenti
1008 3964 1154 4026 maximae
1176 3963 1238 4026 luit
1258 3963 1390 4026 utilitati
1404 3961 1481 4049 (Dio

232 4062 321 4127 Oass.
343 4064 489 4128 LXVIII
509 4064 546 4149 8)
574 4065 606 4129 in
636 4064 718 4128 bello
745 4064 858 4128 deinde
887 4084 956 4128 curn
977 4064 1108 4127 Parthis
1130 4071 1217 4146 gesto
1239 4064 1376 4145 Singara
1402 4063 1483 4127 alia-

234 4183 292 4248 que
314 4163 432 4246 oppida
453 4164 552 4247 oepit,
577 4164 803 4229 rebellantibus
825 4166 937 4228 iisdem
960 4185 1030 4247 ap.
1043 4164 1102 4229 Ch.
1119 4165 1177 4228 115
1200 4183 1292 4246 quum
1315 4162 1380 4227 alia
1401 4183 1483 4245 prae·

232 4265 319 4329 clara
343 4265 456 4348 gessit,
484 4273 552 4329 turn
572 4266 699 4330 Nisibin
722 4266 934 4348 recuperauit,
966 4267 1121 4330 Edessam
1150 4264 1355 4346 expugnauit,
1377 4263 1484 4347 direp-

232 4373 299 4430 tam
331 4366 471 4439 incendit
500 4365 580 4452 (Dio
608 4369 697 4432 Oass.
723 4366 878 4432 LXVIII.
906 4367 955 4430 22.
977 4367 1026 4430 30.
1075 4365 1227 4430 Themist.
1259 4365 1278 4427 Ι.
1300 4361 1348 4450 1.).
1391 4373 1484 4447 putat

232 4466 386 4550 Borghesi
414 4468 433 4532 l.
449 4467 470 4530 l.
492 4487 563 4532 enm
585 4468 718 4550 primum
740 4468 834 4532 luisse
856 4468 992 4550 legatum
1014 4464 1252 4548 Mesopotamia
1274 4465 1314 4527 ab
1336 4465 1405 4547 ipso
1429 4486 1485 4530 ex-

234 4577 388 4650 pugnata.
431 4568 541 4632 eodem
562 4571 627 4634 lere
648 4576 789 4652 tempore
810 4569 926 4633 Iudaeis
949 4568 1001 4652 qui
1022 4568 1055 4630 iu
1078 4565 1198 4648 Cyrene
1215 4565 1363 4650 Aegypto
1379 4567 1484 4653 Cypro

234 4667 426 4734 habitabant
455 4670 722 4736 tumultuantibus
754 4690 774 4733 a
800 4668 956 4746 Traiano,
995 4668 1047 4750 qui
1080 4666 1215 4730 timebat
1241 4686 1280 4731 ne
1313 4667 1397 4732 idem
1429 4689 1487 4752 per

236 4768 316 4834 alias
354 4789 477 4856 quoque
514 4772 695 4856 prouincias
732 4773 888 4848 lacerent,
924 4769 1030 4834 iussus
1066 4775 1116 4832 est
1150 4765 1274 4833 Indaoa
1308 4788 1414 4834 omnes
1447 4789 1487 4834 ex

1334 4871 1356 4934 8
