3602 5552
657 535 793 605 Spartiuui
817 535 874 590 vita
896 536 1036 592 HadrIani.
1431 531 1470 585 ’13

354 704 578 868 ΡονῑίσιιιῚΑΕ.
600 723 678 768 max.
701 704 778 766 mod.
799 705 893 789 (Mus.
915 705 991 768 (lues.
1013 703 1162 790 Vindsb.)
1183 702 1471 768 dattenuelt.

360 805 375 866 Ι
396 824 426 885 p.
447 807 487 868 22
508 804 534 890 ).

309 906 362 968 sed
383 905 453 968 licet
473 906 510 968 de
531 915 664 988 tempore
686 905 851 982 dubitetur,
883 915 1003 970 constat
1026 907 1183 970 Matidiam
1206 906 1346 970 maiorem
1368 925 1472 968 conse-

228 1015 342 1070 cratam
366 1006 456 1070 luisse
477 1005 584 1091 (Orelli
606 1006 696 1070 2196.
730 1009 849 1070 Henzen
873 1007 962 1070 5466.
995 1008 1107 1070 Eckhel
1129 1009 1147 1070 l.
1171 1010 1189 1071 l.
1212 1028 1240 1088 p.
1262 1003 1321 1070 471
1344 1003 1406 1090 sq.)

772 1300 865 1404 dap.
884 1300 930 1382 X.

312 1514 327 1595 6
351 1513 377 1574 1.
416 1520 486 1597 post
506 1511 569 1576 boo
589 1547 630 1558 -
652 1507 771 1576 Gallias
792 1550 833 1560 -
854 1511 1023 1576 subleuauit
1044 1513 1110 1574 uide
1131 1514 1298 1576 Excursum
1320 1513 1345 1575 Ι.

312 1615 327 1696 l
348 1615 377 1676 2.
419 1611 582 1678 nloamtae
602 1613 784 1678 mannasse
804 1635 872 1678 cum
892 1612 1026 1676 inhaesus.
1047 1612 1218 1676 documenti
1238 1633 1301 1676 uox
1322 1613 1382 1676 hoc
1404 1614 1472 1676 loco

231 1714 361 1778 eandem
387 1714 451 1778 uim
477 1714 574 1778 habet
594 1721 630 1776 ut
649 1734 733 1796 sape
754 1715 788 1780 in
809 1714 924 1778 Codice
946 1714 1181 1789 Theodosiana,
1203 1722 1239 1776 nt
1263 1713 1419 1794 significet
1438 1714 1473 1776 id

232 1835 291 1900 quo
324 1815 445 1896 aliquid
478 1814 699 1896 comprobatur
730 1815 803 1902 (clr.
837 1836 886 1880 ex.
918 1835 964 1898 gr.
997 1815 1074 1880 (lod.
1106 1815 1224 1879 Theod.
1247 1816 1327 1879 VIII
1348 1815 1398 1878 64.
1420 1813 1471 1880 29.

230 1918 262 1979 II
294 1917 343 1980 21.
376 1912 422 2001 2).
466 1916 568 1979 dicere
600 1915 696 1998 igitur
727 1917 834 1998 potnit
865 1916 1068 1998 Spartianus:
1101 1916 1272 1980 exercitum
1305 1916 1345 1979 iis
1378 1916 1474 1979 mori-

231 2018 291 2082 bus
322 2017 437 2081 imbuit
467 2017 666 2091 Hadrianus,
698 2018 807 2101 quibus
835 2018 966 2082 idoneus
989 2019 1080 2082 lieret
1100 2018 1141 2080 ad
1162 2016 1363 2080 tolerantiam
1387 2037 1472 2080 com-

233 2118 436 2200 probandam.
479 2125 614 2201 apparot
644 2138 719 2182 uero
751 2119 783 2184 in
804 2120 865 2182 hoe
887 2120 990 2201 capite
1013 2137 1200 2202 quamquam
1223 2119 1264 2182 ad
1286 2118 1320 2180 id
1341 2118 1473 2199 potissi-

234 2240 316 2284 mum
337 2220 477 2302 pertinet
509 2220 590 2302 quod
623 2219 654 2282 in
678 2218 787 2284 Gallia
809 2229 841 2283 et
862 2218 1034 2285 Germania
1055 2221 1132 2284 lecit
1154 2220 1345 2294 Hadrianus,
1366 2228 1471 2284 tamen

233 2320 337 2386 omnia
368 2321 515 2395 conferri,
548 2341 615 2404 quae
637 2321 670 2384 in
693 2341 814 2405 quaque
835 2322 1002 2403 prouincia
1022 2322 1064 2384 ad
1086 2321 1282 2403 disciplinam
1305 2320 1474 2386 militarem

231 2422 458 2486 restituendam
470 2423 622 2504 egerit-
634 2423 712 2486 inter
721 2421 982 2507 omnipulouitom
991 2421 1152 2487 militarem
1163 2422 1353 2504 mopistrous.
1374 2423 1475 2486 moui·

229 2522 306 2608 pola
326 2544 382 2606 pro
403 2521 572 2609 manemus
594 2545 700 2588 omnes
723 2525 840 2589 habent
861 2525 993 2588 codices.
1029 2526 1108 2588 intes·
1128 2523 1285 2608 mauipsde
1299 2523 1474 2588 Salmasius

234 2626 317 2688 idem
339 2646 407 2688 esse
429 2635 535 2690 censet
555 2635 650 2710 atque
673 2628 705 2690 id
727 2624 809 2710 quod
832 2627 976 2690 astiuter
989 2625 1190 2690 contubernia
1204 2625 1347 2698 militum,
1362 2631 1474 2686 testem

235 2727 367 2790 aderens
389 2728 563 2808 Vegetium.
592 2736 624 2790 et
645 2729 779 2792 fortasse
802 2729 868 2792 eius
890 2728 1050 2792 sententia
1071 2745 1145 2790 uera
1159 2735 1215 2790 est.
1242 2724 1353 2788 melius
1368 2732 1473 2787 tamen

235 2827 300 2888 haec
321 2828 417 2889 uerba
439 2828 647 2909 explicantur,
668 2829 696 2891 si
717 2829 800 2892 idem
822 2849 860 2892 aa
881 2830 1057 2912 siguificare
1078 2835 1173 2909 atque
1193 2826 1272 2890 inter
1292 2824 1380 2909 α’φια
1395 2824 1474 2887 dici-

236 2945 303 2988 mns
326 2924 398 3010 (cfr.
421 2929 610 3010 Marquardt
629 2930 678 2991 III
698 2933 719 2994 2
739 2950 770 3012 p.
792 2929 869 3012 264)
893 2939 928 2992 et
941 2931 1042 2994 Hadr.
1054 2930 1111 2992 int.
1123 2949 1148 2990 s.
1160 2933 1317 2992 uersatum
1330 2945 1398 2988 esse
1414 2945 1474 3008 quo

236 3025 361 3090 facilins
394 3029 569 3110 exemplum
601 3029 778 3094 tolerantie
806 3033 888 3112 quod
910 3032 1001 3094 daret
1020 3030 1089 3112 ipse
1117 3047 1222 3093 omnes
1245 3027 1361 3090 milites
1383 3027 1474 3090 uide-

236 3133 315 3191 rent.
348 3165 388 3174 -
420 3130 610 3212 muqebtrons.
654 3133 736 3213 quod
767 3132 906 3206 uerbum,
939 3138 1087 3213 quantum
1112 3129 1187 3205 scio,
1210 3128 1269 3192 hoc
1290 3128 1383 3192 modo
1405 3127 1474 3192 loco

235 3226 394 3294 inuenitur
426 3238 557 3312 excepto
590 3232 673 3312 quod
701 3231 807 3296 Festus
831 3253 855 3295 s.
877 3253 907 3294 ιι.
928 3231 962 3294 id
985 3233 1077 3294 affert
1098 3231 1259 3294 deplanans
1281 3230 1375 3293 etiam
1398 3230 1473 3312 quid

234 3329 389 3410 significet
420 3350 483 3394 una
504 3331 692 3395 enumeratis
713 3333 857 3398 uocibus:
879 3353 981 3417 repere
1001 3342 1166 3418 temperare
1186 3330 1349 3394 moderari.
1392 3331 1474 3394 idem

234 3432 318 3512 qnod
352 3431 412 3494 hoc
443 3432 511 3496 loeo
539 3431 726 3514 Spartianus
759 3433 821 3498 Dio
844 3433 932 3498 Cass.
955 3433 1033 3498 dicit
1053 3434 1166 3497 LXIX
1187 3431 1220 3496 9:
1253 3436 1308 3495 sul
1328 3433 1375 3518 τῷ
1393 3428 1475 3516 ἔργα

234 3535 290 3594 καὶ
309 3541 374 3608 τοῖς
394 3532 638 3620 παραγγέλμασι
659 3536 729 3600 πᾶν
748 3530 784 3600 nl
806 3533 1029 3621 στρατιιιιιιιόν
1043 3533 1084 3598 δι’
1098 3531 1173 3620 ὅλης
1185 3535 1239 3620 τῆς
1253 3529 1350 3617 α’ρχῆς
1363 3530 1476 3619 ἤσκησε

234 3638 289 3697 καὶ
319 3634 553 3722 κατεκόσμησεν.
576 3673 616 3684 -
632 3657 742 3723 posco,
764 3657 848 3721 aqua
869 3649 957 3702 aceto
979 3638 1089 3701 mixta.
1111 3673 1150 3682 -
1172 3635 1305 3720 coempto
1324 3633 1475 3718 scipione

234 3736 401 3802 Aemiliani
421 3749 448 3802 et
471 3736 594 3805 Metelli.
620 3739 786 3802 notissima
807 3760 846 3802 ex
867 3740 1070 3804 historiamm
1094 3737 1297 3819 scriptoribus
1319 3736 1473 3800 seueritas

233 3838 406 3903 Aemiliani
427 3840 460 3902 in
487 3839 654 3923 disciplina
678 3841 825 3904 tenenda
868 3840 908 3912 Q,
930 3859 1005 3904 uero
1028 3838 1170 3902 Caecilius
1193 3838 1339 3902 Metellus
1360 3836 1474 3900 Numi-

235 3938 322 4002 dicus
354 3959 446 4021 quam
478 3941 511 4004 in
537 3939 620 4002 ballo
653 3940 834 4022 Iugurthino
857 3938 1037 4004 adhibuerit
1057 3938 1254 4020 diligentiam
1275 3945 1311 4002 ut
1332 3936 1474 4018 discipli-

234 4057 305 4102 nam
336 4041 518 4104 restitueret
549 4041 620 4122 quis
653 4047 702 4102 est
734 4040 787 4121 qni
812 4040 953 4104 neseiat?
978 4076 1017 4086 -
1038 4039 1168 4104 omont
1192 4037 1327 4102 Troiani.
1371 4046 1475 4102 auctor

235 4138 368 4203 alicuius
399 4141 481 4222 apud
502 4141 612 4204 horum
634 4146 807 4219 temporum
830 4140 1001 4222 scriptores
1023 4159 1105 4222 saepe
1126 4139 1154 4203 is
1176 4147 1306 4203 uocatur
1327 4137 1380 4221 qni
1402 4158 1473 4202 eum

235 4239 391 4305 creauerit
411 4242 462 4304 uel
483 4239 594 4305 leserit
614 4245 650 4302 ut
670 4259 778 4304 munus
799 4241 929 4323 aliquod
951 4247 1201 4326 consequeretur.
1228 4239 1276 4304 ita
1287 4239 1472 4304 Tertulliau.

236 4341 306 4408 adu.
328 4341 479 4406 Marcion.
500 4342 532 4405 V
551 4339 582 4404 8.
625 4339 703 4404 dicit
723 4338 862 4406 Christos
882 4341 946 4406 oiri
964 4352 1078 4406 uoctoa
1113 4341 1161 4405 ita
1183 4338 1278 4404 etiam
1300 4359 1321 4402 a
1341 4339 1473 4417 Iuliano,

236 4461 330 4526 quum
362 4443 496 4507 maxime
528 4441 561 4506 in
587 4440 809 4508 Constantium
831 4443 1040 4520 inueheretur,
1062 4444 1195 4507 Senatus
1217 4441 1346 4524 rogauit
1366 4448 1402 4505 ut
1422 4461 1473 4506 re-

234 4543 384 4608 uerentia
405 4543 519 4610 auctori
540 4542 606 4608 eius
628 4542 742 4608 debite
763 4563 803 4609 na
826 4542 1072 4610 obliuIsceretur.
1104 4539 1282 4628 (Ammian.
1297 4542 1472 4608 Marcellin.

236 4645 329 4712 XXI.
351 4665 377 4710 e.
401 4645 440 4709 10
461 4645 509 4709 ed.
529 4641 628 4729 Bip.).
667 4645 751 4728 apud
772 4645 903 4712 eundem
924 4647 988 4711 alio
1010 4645 1079 4707 loeo
1100 4641 1211 4728 (XVI.
1232 4662 1258 4708 c.
1279 4638 1315 4728 7)
1335 4642 1474 4729 (Euthe-

236 4744 332 4833 rium)
363 4746 567 4833 oppurimrcm
589 4743 692 4833 fidum
712 4745 828 4810 meteri
847 4765 901 4810 suo
922 4744 1077 4834 (Iuliane,
1098 4743 1186 4808 cuius
1206 4745 1395 4829 prepositus
1417 4765 1473 4810 eu·
1591 4817 1597 4831 ,

1301 4845 1343 4911 10
