3602 5552
666 457 802 528 Spartiani
823 456 880 512 vita
900 455 1040 512 Hadriani.
1437 455 1472 508 l'l

255 622 291 694 in
321 620 421 694 sedili
446 617 539 714 regio
564 617 661 690 iuxta
686 617 814 692 loetum
837 619 950 716 posito
976 618 1130 700 sedisset,
1155 618 1249 715 quod
1273 631 1407 692 ereetus
1430 619 1476 692 ad

255 724 420 798 stationes
447 719 597 791 militum
623 744 727 792 senex
751 719 997 818 nonagenarius
1022 718 1258 816 processisset.
1285 719 1372 792 mori
1398 745 1475 792 eoe-

255 824 320 922 git;
347 821 464 894 multis
490 819 566 892 aliis
591 820 777 893 interfectis
803 822 860 894 uel
884 833 1001 919 aperte
1027 821 1082 894 uel
1107 846 1169 917 per
1193 820 1344 903 insidias,
1366 823 1512 917 quan-9

256 924 443 1020 doquidem
468 921 572 994 etiam
600 919 727 994 Sabina
752 947 838 995 uxor
863 948 930 994 non
956 921 1030 995 sine
1055 921 1170 994 fabula
1196 922 1319 994 ueneni
1343 921 1416 994 dati
1432 921 1476 994 ab

222 1024 435 1104 5Hadriano
466 1023 626 1094 defamata
651 1034 713 1094 est.
763 1036 845 1096 tuno
872 1022 1053 1098 Ceionium
1081 1021 1312 1096 Commodum
1339 1021 1475 1120 Nigrini
1490 1027 1536 1092 10

253 1151 415 1223 generum
459 1123 666 1196 insidiatoris
716 1124 890 1219 quondam
932 1124 999 1197 sibi
1027 1125 1156 1196 dorma
1198 1125 1477 1196 commendatum

254 1228 417 1323 adoptare
454 1225 640 1298 constituit.
693 1225 872 1321 adoptauit
907 1251 986 1324 ergo
1025 1222 1205 1297 Ceionium
1243 1223 1474 1298 Commodum
1491 1228 1534 1295 11

254 1326 386 1400 Verum
423 1326 541 1399 inuitis
577 1326 737 1398 omnibus
774 1352 922 1424 eumque
960 1326 1100 1412 Aelium
1139 1324 1270 1398 Verum
1301 1325 1475 1400 Caesarem
1576 1327 1610 1372 ”¹⁹

262 1427 460 1526 appellauit.
512 1427 556 1499 ob
595 1427 690 1500 euius
728 1428 949 1524 adoptionem
985 1397 1288 1500 lmlost'n'ses
1321 1427 1417 1500 dedit
1441 1441 1477 1500 et
1491 1431 1537 1498 12

211 1562 244 1613 10
261 1530 463 1603 donatiuum
489 1529 616 1625 populo
641 1554 681 1600 ae
706 1528 874 1601 militibus
899 1529 1071 1625 expendit.
1108 1554 1212 1626 quem
1237 1541 1386 1624 praetura
1410 1528 1475 1601 ho·
1491 1532 1536 1599 13

258 1631 393 1704 norauit
423 1656 463 1702 ae
492 1630 618 1720 sta—tim·
642 1627 831 1702 Pannoniis
856 1629 1170 1728 inposuit'deereto
1196 1630 1372 1702 consulatu
1398 1654 1478 1702 oum

257 1732 462 1829 sumptibus.
512 1733 660 1804 eundem
687 1729 918 1803 Commodum
944 1732 1092 1804 seeundo
1119 1730 1293 1803 consulem
1319 1731 1475 1828 designa-

258 1834 320 1906 uit.
371 1859 477 1930 quem
512 1858 591 1906 oum
621 1831 737 1904 minus
768 1857 889 1904 sanum
915 1833 1063 1914 uideret,
1089 1831 1280 1931 saepissime
1306 1832 1476 1906 dictitauit
1491 1837 1537 1904 14

258 1934 302 2006 ’in
333 1936 499 2008 caducum
532 1933 699 2030 parietem
725 1959 786 2006 nos
812 1933 1051 2007 inclinauimus
1078 1947 1113 2005 et
1129 1933 1341 2030 perdidimus
1359 1946 1479 2031 quater

207 2067 238 2116 15
256 2035 367 2109 milies
405 2035 601 2108 sestertium
638 2035 730 2132 quod
770 2035 897 2132 populo
935 2048 970 2108 et
1006 2035 1173 2108 militibus
1204 2060 1266 2132 pro
1292 2035 1475 2132 adoptione

255 2135 439 2210 Commodi
476 2135 655 2208 dedimus'
706 2134 918 2210 Commodus
956 2149 1070 2208 autem
1103 2161 1176 2232 prae
1204 2136 1401 2209 ualetudine
1432 2163 1475 2209 ne
1490 2143 1536 2209 15

253 2239 379 2336 gratias
405 2237 546 2334 quidem
571 2237 608 2308 in
633 2250 754 2309 senatu
779 2263 879 2335 agere
903 2237 1017 2335 potuit
1030 2237 1207 2310 Hadriano
1222 2238 1266 2309 de
1282 2238 1474 2334 adoptione.

254 2341 402 2438 denique
428 2353 568 2434 accepto
594 2339 720 2436 largius
747 2340 901 2412 antidoto
931 2339 1187 2436 ingrauescente
1208 2339 1397 2411 ualitudine
1414 2364 1476 2436 per
1491 2344 1537 2412 16

253 2467 414 2515 somnum
444 2441 547 2537 periit
578 2439 662 2538 ipsis
688 2440 843 2514 kalendis
870 2440 1047 2513 Ianuariis.
1098 2466 1203 2538 quare
1227 2439 1272 2512 ab
1297 2438 1474 2512 Hadriano

203 2577 236 2630 20
253 2558 412 2616 uotorum
442 2568 544 2616 eausa
569 2543 677 2640 lugeri
702 2558 755 2616 est
780 2543 916 2616 uetitus.

353 2646 415 2718 sed
441 2657 577 2716 mortuo
604 2645 703 2718 Aelio
729 2643 821 2718 Vero
847 2643 982 2718 Caesare
1001 2643 1199 2718 Hadrianus
1216 2643 1394 2741 ingruente
1410 2643 1472 2716 tri-
1489 2639 1535 2717 tl

253 2746 405 2819 stissima
435 2747 632 2819 ualetudine
658 2746 836 2843 adoptauit
862 2746 1004 2819 Arrium
1030 2747 1245 2817 Antoninum
1270 2744 1329 2841 qui
1354 2757 1472 2842 postea

257 2846 342 2920 Pius
369 2847 481 2919 dietus
506 2860 568 2928 est,
595 2860 631 2919 et
656 2872 696 2919 ea
720 2848 861 2943 quidem
885 2849 970 2944 lege,
995 2862 1035 2920 ut
1059 2846 1117 2919 ille
1141 2847 1208 2918 sibi
1224 2847 1309 2918 duos
1327 2848 1471 2943 adopta-

252 2962 305 3020 ret
329 2946 484 3020 Annium
511 2946 641 3019 Verum
667 2960 703 3021 et
730 2948 890 3020 Marcum
917 2947 1140 3021 Antoninum.
1179 2946 1217 3018 bi
1242 2959 1322 3019 sunt
1335 2947 1395 3044 qui
1408 2956 1509 3047 po-2

203 3077 235 3126 aa
253 3061 327 3120 stea
352 3051 421 3121 duo
446 3048 574 3145 pariter
599 3048 748 3146 Augusti
774 3048 879 3145 primi
903 3076 978 3122 rem
996 3049 1170 3146 publicam
1186 3048 1471 3146 gubernauerunt.

252 3162 287 3222 et
324 3148 518 3222 Antoninus
557 3150 698 3246 quidem
735 3147 821 3222 Pius
852 3149 978 3223 ideireo
1003 3148 1195 3248 appellatus
1220 3149 1354 3233 dieitur,
1380 3152 1508 3247 quod3

251 3275 407 3324 socerum
434 3252 564 3323 fessum
590 3263 693 3323 aetate
718 3275 823 3323 manu
849 3252 1056 3324 subleuaret.
1095 3251 1254 3348 quamuis
1270 3251 1329 3324 alii
1345 3259 1509 3426 seggo-4

251 3365 408 3425 mentum
444 3352 510 3424 hoe
545 3352 577 3424 ei
611 3351 727 3426 dicant
751 3351 901 3425 inditum
927 3355 1020 3450 quod
1045 3354 1172 3428 multos
1197 3365 1370 3426 senatores
1433 3379 1470 3428 a·

251 3453 369 3526 driano
394 3454 464 3526 iam
491 3453 648 3526 saeuienti
674 3453 887 3551 abripuisset,
914 3455 973 3527 alii
998 3456 1091 3552 quod
1116 3452 1184 3551 ipsi
1201 3451 1379 3528 Hadriano
1396 3460 1507 3528 nra-5

200 3583 234 3638 30
250 3579 335 3652 gnos
361 3555 507 3628 honores
533 3568 786 3652 postmortem
818 3556 1006 3630 detulisset.
1059 3555 1227 3628 Antonini
1251 3555 1508 3652 adoptionemt

250 3655 390 3752 plurimi
411 3669 493 3730 tune
518 3658 645 3729 factam
671 3682 746 3730 esse
771 3658 961 3738 doluerunt,
987 3657 1167 3754 speciatim
1192 3654 1336 3730 Catilius
1363 3654 1471 3730 Seue-

250 3781 308 3830 rus
344 3759 527 3854 prarleetus
557 3757 651 3840 urbi,
677 3758 736 3854 qui
762 3757 828 3830 sibi
854 3759 1072 3857 praeparabat
1096 3757 1291 3854 imperium.
1342 3782 1410 3855 qua
1434 3759 1508 3832 rel

250 3857 386 3956 prodita
411 3883 606 3932 successore
631 3870 771 3954 aooepto
798 3859 963 3956 dignitate
988 3859 1142 3957 priuatus
1167 3872 1231 3932 est.
1273 3857 1506 3932 Hadrianus8

249 3971 366 4032 autem
398 3959 520 4032 ultimo
554 3959 637 4032 uitae
665 3957 770 4032 taedio
795 3959 866 4032 iam
890 3961 1046 4034 adlectus
1071 3960 1184 4058 gladio
1210 3986 1247 4034 se
1273 3959 1471 4057 transfigis
1540 4011 1543 4016 -

200 4087 234 4142 35
251 4083 351 4134 seruo
377 4060 487 4134 iussit.
524 4061 618 4156 quod
643 4083 722 4130 eum
749 4072 839 4132 esset
863 4060 1039 4156 proditum
1060 4076 1096 4134 et
1120 4062 1156 4134 in
1179 4060 1346 4134 Antonini
1361 4067 1505 4156 usque9

251 4161 411 4235 notitiam
442 4160 612 4243 uenisset.
642 4159 805 4259 ingressis
836 4163 880 4234 ad
905 4187 943 4234 se
967 4162 1137 4260 praefectis
1163 4176 1199 4235 et
1222 4163 1294 4235 filio
1319 4162 1469 4260 roganti·

252 4260 387 4360 busque
410 4275 451 4336 ut
475 4285 578 4360 aequo
603 4261 718 4334 animo
748 4263 988 4354 nenessitatem
1013 4263 1125 4338 morbi
1150 4264 1269 4347 ferret,
1293 4261 1400 4335 iratus
1425 4261 1468 4336 il-

252 4362 295 4436 lis
324 4376 506 4438 auetorem
540 4361 744 4462 proditionis
768 4363 868 4437 iussit
892 4365 1011 4438 oooidi.
1060 4365 1121 4462 qui
1144 4363 1330 4436 tamenab
1355 4364 1529 4438 Anto-10

252 4463 334 4540 nino
359 4478 514 4540 seruatus
539 4477 592 4538 est
616 4464 751 4538 dioente
779 4461 990 4566 [Antonino]
1018 4463 1223 4564 parricidam
1244 4489 1282 4538 se
1303 4466 1467 4551 futurum

204 4593 239 4648 40
255 4565 285 4638 si
309 4564 528 4642 Hadrianum
552 4567 736 4664 adoptatus
760 4566 835 4665 ipse
859 4579 1033 4666 pateretur
1057 4565 1174 4640 oooidi.
1212 4566 1397 4666 statimque
1414 4580 1467 4643 te-
1482 4574 1527 4642 11

253 4677 463 4743 ramentum
487 4667 634 4769 scripsit.
658 4693 722 4744 neo
746 4680 863 4742 tamen
892 4679 989 4742 aetus
1014 4666 1211 4766 reipublice
1235 4669 1466 4768 pretermisit
