3602 5552
325 543 365 601 'tu
801 551 891 608 Julius
913 549 1084 606 mummii

324 738 390 782 cunr
412 719 594 784 Gasanbouo
615 739 790 786 censeamus
811 723 869 784 boc
890 741 957 784 esse
978 724 1007 784 in
1030 721 1185 784 consilinm
1206 738 1292 783 sunm
1314 719 1398 782 etad
1413 719 1450 782 de
1465 721 1564 800 publi·

324 819 366 882 cis
398 821 488 884 rebus
521 820 754 886 consultationes
782 822 955 886 adsciscere.
978 859 1017 872 --
1041 859 1079 870 -
1101 821 1232 904 nihilque
1257 821 1313 882 hoc
1335 820 1374 881 ad
1397 821 1563 886 conuictum

185 921 189 928 '
325 920 547 985 et'interiorem
569 923 717 986 Hadriani
738 926 830 988 uitam
851 923 1047 1005 pertinuisse,
1068 924 1147 1005 qnod
1170 921 1258 984 aliter
1277 940 1310 982 se
1332 921 1444 982 bebere
1465 922 1511 984 uel
1527 941 1565 986 ex

324 1039 359 1083 eo
386 1031 487 1103 petet,
520 1024 599 1105 quod
620 1023 679 1086 Dio
701 1033 733 1088 et
754 1026 935 1108 Spartianus
958 1025 1026 1088 eliis
1048 1024 1121 1087 locis
1143 1025 1180 1086 de
1203 1021 1325 1084 oonsilio
1346 1021 1496 1084 Hadriani
1518 1022 1565 1085 di-

324 1132 395 1186 cunt
416 1123 478 1208 (cfr
499 1125 538 1186 ad
561 1143 586 1186 c.
610 1123 649 1186 18
669 1125 684 1207 §
709 1124 751 1211 l).
793 1127 853 1188 iam
875 1143 946 1188 nero
968 1125 1118 1188 inuenitur
1140 1125 1219 1206 apud
1242 1122 1416 1186 Suetonium
1438 1122 1516 1204 Aug.
1538 1143 1564 1186 c.

322 1223 372 1288 89.
416 1223 492 1288 Ami
508 1221 681 1310 philosophi
702 1263 740 1274 -
761 1225 984 1290 contubernium
1005 1225 1074 1289 iniit
1086 1225 1187 1288 Tiber.
1204 1245 1229 1287 c.
1248 1223 1293 1286 14.
1319 1221 1510 1286 Ibrcsullum
1524 1260 1565 1272 —

323 1323 562 1389 mathematicum
584 1361 621 1371 -
644 1363 683 1374 -
707 1363 745 1374 -
767 1327 958 1392 coutubernio
982 1327 1157 1390 admouerat
1181 1322 1222 1409 (c.
1244 1323 1285 1388 56
1306 1322 1399 1386 scibile
1419 1322 1511 1388 leuior
1531 1325 1565 1388 im

322 1426 502 1490 counitione
519 1425 675 1508 promotos)
696 1428 792 1508 Calig.
805 1449 831 1490 c.
845 1430 884 1490 10
904 1425 1074 1512 (Caligula)
1095 1427 1129 1489 ιἰι
1150 1424 1252 1490 Liuio
1272 1422 1415 1509 depasto
1426 1425 1566 1510 procum

322 1547 385 1589 soce
404 1525 594 1590 coutubernio
615 1529 733 1590 neomit.
755 1529 834 1592 Plin.
856 1529 932 1610 Epp.
954 1529 987 1590 X
1008 1527 1058 1591 95.
1080 1526 1270 1611 (Suetonium
1292 1524 1512 1609 Tranquillum)
1532 1527 1565 1589 ιἰι

322 1627 549 1691 contubernium
579 1628 747 1712 adsumpsi.
788 1630 877 1711 plnre
898 1629 991 1691 etiam
1013 1648 1172 1709 possumus
1194 1627 1332 1707 exempla
1354 1627 1477 1702 aiicrre,
1509 1627 1563 1690 sed

323 1729 387 1790 baec
419 1728 496 1792 satis
529 1736 616 1791 erunt
648 1729 688 1790 ed
709 1730 897 1810 probandum
920 1730 1145 1792 contubernium
1167 1729 1196 1790 in
1218 1727 1387 1790 huiusmodi
1409 1728 1565 1790 sententiis

322 1829 396 1891 nibil
417 1829 499 1892 aliud
520 1849 584 1891 esse
605 1847 694 1910 qnam
717 1830 880 1893 amicitiam
895 1831 1128 1911 conuictumque.
1161 1829 1250 1891 facile
1266 1827 1441 1890 antemfieri
1455 1829 1563 1909 potuit,

320 1937 355 1992 ut
365 1930 421 1992 bos
432 1930 514 2011 ipsos
526 1929 654 2003 amicos,
675 1929 701 1992 si
713 1933 855 1994 nreiorem
870 1939 1008 1995 tenerent
1019 1931 1195 2012 dignitatem
1210 1930 1239 1991 in
1256 1928 1378 1990 consilio
1389 1929 1565 1992 adhiberent

321 2029 470 2112 principos
493 2031 538 2092 cir
559 2031 641 2093 inira
661 2032 699 2093 ad
722 2051 747 2094 o.
772 2032 818 2095 18.
861 2032 909 2094 hie
931 2051 1002 2095 uero
1023 2031 1209 2112 temporibus
1226 2027 1374 2094 institutio
1389 2029 1442 2091 ille
1457 2031 1563 2112 palatii

322 2139 390 2192 orta
411 2140 473 2205 est,
495 2151 559 2212 quse
580 2139 687 2212 postea
709 2151 728 2194 a
746 2133 935 2196 Diocletiano
950 2141 998 2196 est
1011 2139 1226 2196 consummate.
1260 2138 1292 2193 et
1305 2149 1362 2192 non
1378 2131 1479 2194 multis
1493 2139 1564 2211 post

322 2230 469 2294 Hadriani
485 2241 610 2294 mortem
626 2232 712 2295 annis
726 2233 889 2315 inscriptus
905 2243 991 2297 extet
1005 2234 1120 2307 titulus,
1133 2233 1164 2295 in
1179 2251 1236 2315 quo
1248 2240 1498 2295 commemoratur
1508 2232 1563 2296 do-

321 2353 388 2393 mm
401 2332 508 2397 diuino
522 2334 541 2395 i.
558 2353 583 2395 e.
598 2333 789 2413 imperatoris
807 2336 853 2397 uel
869 2344 1000 2416 auguste
1014 2333 1154 2420 (Hersen
1170 2330 1267 2416 5241)
1286 2335 1331 2396 cir
1345 2333 1384 2394 ed
1399 2353 1424 2396 c.
1439 2333 1488 2394 XI
1504 2333 1561 2415 §·3.

403 2433 470 2515 ιι.
512 2435 596 2497 tertio
617 2433 749 2498 consules
769 2471 810 2482 -
831 2435 1002 2499 cumulabit.
1045 2454 1134 2517 quum
1167 2434 1300 2496 maxima
1331 2453 1369 2495 ex
1400 2443 1485 2514 parte
1512 2435 1563 2518 qui

322 2535 431 2598 inerint
452 2536 589 2598 consules
616 2536 740 2598 sniiecti
753 2536 896 2600 libromm
913 2545 944 2598 et
957 2537 1112 2600 titulomm
1127 2535 1307 2598 auctoritate
1321 2533 1458 2598 destituti
1472 2535 1563 2600 nescii

321 2634 430 2710 simus,
452 2644 560 2717 preter
580 2636 662 2699 illum
686 2635 864 2700 Seruianum
886 2639 923 2701 de
945 2657 1003 2720 quo
1024 2657 1094 2700 mox
1109 2637 1246 2718 loquetur
1260 2635 1451 2717 Spartianus,
1472 2655 1561 2699 unum

322 2737 425 2811 ruodo,
447 2737 498 2820 qui
519 2745 567 2800 ter
588 2738 644 2800 ιιιίι
666 2739 770 2801 consul
785 2739 993 2820 cognocimus,
1014 2737 1057 2802 M
1073 2735 1210 2800 Anniam
1231 2735 1356 2812 Vermm,
1377 2735 1461 2799 cuius
1475 2737 1562 2820 primi

319 2838 492 2902 consulatus
513 2858 603 2920 quum
620 2839 703 2901 nulla
725 2839 836 2902 mentio
859 2847 957 2915 extet,
984 2860 1012 2903 a.
1033 2860 1063 2921 p.
1086 2838 1141 2902 ch.
1165 2839 1218 2902 121
1246 2857 1361 2900 summo
1383 2838 1562 2918 magistratu

320 2941 440 3002 iunctus
472 2940 593 3003 tertium
621 2959 649 3002 a.
672 2959 700 3020 p.
722 2941 780 3003 ch.
805 2940 864 3004 126
886 2943 925 3003 ed
947 2941 1024 3003 idem
1046 2940 1166 3002 honoris
1189 2939 1340 3019 fastigium
1363 2947 1483 3002 enectus
1505 2948 1561 3002 est.

320 3057 416 3121 neque
436 3047 539 3102 temen
562 3041 742 3104 credendum
765 3050 813 3104 est
834 3041 1037 3116 Hadrianum,
1069 3061 1158 3122 quum
1186 3040 1250 3122 ipse
1275 3038 1430 3102 termedo
1452 3059 1560 3102 consu-

320 3139 413 3202 latum
446 3141 628 3221 accepisset,
660 3140 762 3205 multis
793 3142 876 3206 illum
909 3142 1050 3205 honorem
1082 3141 1223 3204 tribuisse
1255 3159 1309 3203 nec
1331 3139 1490 3203 uerisimile
1512 3147 1561 3202 est

321 3239 535 3320 multoplures
557 3243 605 3303 III
626 3243 763 3305 consules
785 3243 878 3306 inisse
899 3263 988 3326 quem
1010 3262 1085 3325 quos
1109 3241 1314 3322 cognocimus,
1346 3260 1435 3322 quum
1462 3242 1483 3303 ii
1510 3242 1560 3323 qui

320 3339 401 3401 tertii
423 3340 597 3404 consulatus
618 3342 730 3406 bonore
752 3351 940 3419 ornarentur,
961 3344 1101 3406 ordinarii
1122 3342 1285 3423 sepissime
1307 3343 1421 3406 fierent.
1453 3344 1561 3408 ἑιιιιιιιι

320 3440 508 3502 consulatum
530 3441 658 3521 gessisse
680 3451 800 3506 constet
826 3441 979 3506 Valeriam
993 3441 1159 3506 Asiaticum
1174 3443 1323 3506 consulem
1339 3444 1370 3505 II
1385 3463 1413 3524 p.
1429 3444 1484 3506 oh.
1501 3443 1561 3507 lnu

320 3539 360 3604 P.
382 3538 556 3605 Ιιιιιιιιιιιιιιι
576 3539 694 3606 Celsum
715 3544 746 3604 Π
766 3563 796 3623 p.
819 3543 874 3605 Ob.
899 3543 957 3606 129
989 3540 1028 3606 L.
1050 3541 1171 3606 Aelium
1192 3541 1340 3607 Gessacem
1360 3564 1390 3624 p.
1411 3545 1466 3608 Ob.
1491 3539 1560 3619 lut,

404 3641 418 3723 ι
440 3642 469 3704 ὅ.
502 3642 603 3726 ipsam
624 3679 664 3690 -
685 3643 804 3705 ιιιιιιιιιι
825 3641 1010 3706 comederam
1023 3679 1064 3690 -
1077 3651 1219 3727 quattuor
1232 3643 1380 3707 mensibus
1393 3646 1459 3728 epit.
1480 3646 1560 3708 idern

320 3749 470 3806 testantur
492 3763 570 3807 none
591 3744 644 3807 ille
665 3746 835 3825 fragmenta
856 3747 925 3807 irat.
948 3763 1011 3806 aru.
1033 3745 1079 3806 cfr
1103 3763 1194 3824 supra
1215 3744 1262 3806 ad.
1286 3763 1310 3806 c.
1333 3746 1354 3808 4
1375 3745 1434 3827 §2
1456 3754 1562 3810 contre

320 3861 431 3906 moreru
452 3844 636 3924 superiorum
658 3846 823 3927 principum
846 3846 878 3908 id
900 3854 965 3908 erat
985 3845 1047 3929 (cir
1067 3843 1212 3926 Philolog.
1235 3844 1254 3905 l.
1276 3841 1321 3929 1.).

403 3944 417 4026 ι
439 3942 467 4006 6.
511 3945 627 4007 senatui
646 3944 777 4031 legitimo
799 3982 840 3994 -
860 3945 1007 4033 interficit.
1050 3952 1173 4009 senatus
1201 3945 1350 4026 legitimus
1378 3946 1441 4034 (cfr
1460 3948 1559 4030 Cepit.

319 4045 433 4108 Pertiu.
448 4044 478 4108 9.
499 4044 603 4127 Spart.
624 4045 716 4110 Gord.
736 4044 788 4130 11)
810 4047 836 4110 is
857 4056 940 4123 eret,
962 4048 1010 4130 qui
1032 4047 1181 4111 Kalendis
1203 4055 1235 4108 et
1248 4048 1358 4111 'Idibus
1379 4049 1560 4130 singulorum

321 4147 465 4209 meneleus
487 4146 666 4211 habebatur.
710 4148 805 4210 libera
826 4159 926 4214 eutem
946 4149 1097 4230 republica
1114 4148 1187 4210 nihil
1202 4155 1349 4212 statutum
1363 4158 1428 4212 erat
1444 4151 1481 4212 de
1496 4150 1561 4214 die-

320 4248 391 4321 bus,
413 4247 519 4329 quibus
540 4257 676 4311 senatum
698 4249 810 4311 hebere
831 4250 950 4324 liceret,
975 4250 1027 4312 sed
1048 4269 1102 4330 pro
1124 4258 1258 4331 tempore
1279 4249 1408 4314 indictus
1430 4259 1486 4314 est.
1529 4252 1560 4313 id

320 4367 390 4410 uero
412 4349 541 4413 mutauit
562 4349 718 4430 Angustus
738 4349 769 4410 iu
792 4367 859 4413 oum
881 4351 1000 4413 modum
1027 4370 1115 4433 quem
1140 4350 1200 4413 ianr
1229 4351 1358 4413 diximus
1379 4351 1453 4435 (Dio
1475 4352 1559 4414 Cass.

319 4449 378 4510 LV
399 4451 427 4511 3.
450 4451 497 4512 ιιι
516 4450 623 4514 LVIII
645 4452 682 4514 21
707 4445 817 4526 ὁσάκις
838 4449 881 4514 ἄν
902 4453 957 4513 καὶ
977 4449 1103 4542 καθήκῃ
1123 4449 1283 4535 συνιέναι)
1305 4460 1336 4515 et
1356 4451 1477 4534 insuper
1494 4459 1560 4514 sta·

320 4549 446 4610 tuitus
478 4549 650 4632 Septembri
682 4551 845 4616 Octobriue
874 4571 975 4616 meuse
1003 4553 1079 4615 ullos
1108 4553 1214 4616 edesse
1237 4553 1311 4615 elios
1334 4571 1456 4615 necesse
1479 4561 1561 4616 esset

320 4657 409 4730 quarn
426 4657 518 4712 sorte*
529 4652 652 4727 ductos,
673 4673 728 4734 per
746 4673 870 4736 quornm
884 4665 1035 4717 numerum
1051 4654 1173 4716 decreta
1187 4653 1306 4717 confieri
1320 4661 1442 4734 possent
1457 4651 1559 4740 (Suet.

319 4748 487 4834 Amuli).
528 4752 563 4824 si,
575 4771 646 4816 nero
667 4755 736 4820 aliis
755 4755 861 4821 diebus
883 4754 984 4821 edicto
1006 4761 1128 4825 coactns
1146 4755 1316 4829 habebatur
1329 4752 1560 4839 ιοιιιιειιιι.
