3602 5552
338 507 378 566 38
814 511 904 566 Julius
932 512 1102 568 conamen

416 686 449 742 ut
469 697 539 741 nero
559 679 621 742 iam
642 679 683 742 ad
702 679 777 746 illud
801 682 973 760 ueniamus,
994 684 1073 765 qnod
1093 681 1141 744 uel
1163 677 1342 762 grauissima
1362 701 1434 762 pars
1457 682 1579 746 huiusce

335 787 382 844 est
403 779 630 860 disputationis,
650 787 686 842 ut
707 783 744 844 de
759 785 955 866 questoribus
976 784 1148 858 uideamus,
1170 781 1218 863 qui
1240 801 1288 862 qu.
1311 781 1455 865 principis
1477 784 1581 846 candi·

336 881 399 942 dati
431 888 586 954 uocantur,
618 901 793 962 persuasum
826 885 971 948 babemus
1000 903 1052 947 eos
1085 904 1143 948 non
1165 883 1435 964 aliosessequann
1457 884 1581 966 eosqui

335 981 417 1045 nulla
448 981 582 1045 candida
613 983 699 1046 faeta
730 984 879 1047 ment-ioue
904 985 1046 1066 principis
1067 994 1186 1050 tantum
1213 983 1410 1064 appellantur.
1453 1004 1580 1066 namque

333 1082 413 1144 idem
445 1079 485 1144 L.
518 1079 667 1146 Minicius
697 1082 824 1148 Natalia
855 1081 1051 1163 Qucdrerriue
1088 1083 1198 1159 Verus,
1232 1102 1291 1146 eos.
1319 1104 1349 1165 p.
1371 1085 1427 1148 Oh.
1451 1080 1509 1148 127
1531 1085 1582 1168 qui

336 1184 416 1264 apud
438 1184 561 1245 Henzen
582 1182 664 1248 6498
686 1195 733 1248 est
753 1182 890 1264 Qaoeeber
910 1183 1006 1250 Canni.
1028 1185 1109 1250 Dine·
1137 1183 1309 1258 Hadriani,
1336 1185 1394 1248 alio
1416 1185 1480 1248 loen
1503 1187 1581 1268 apud

335 1285 460 1346 eundem
491 1282 572 1346 5450
605 1285 712 1348 dicitur
744 1282 881 1362 Quoeewr
911 1285 992 1372 Any.
1018 1307 1056 1350 ex
1081 1286 1187 1350 iisdem
1218 1285 1301 1348 hisce
1322 1286 1418 1350 titulis
1439 1287 1582 1368 probatur

335 1385 442 1446 falsam
474 1405 539 1448 esse
572 1405 673 1448 eorum
706 1386 893 1468 opinionem,
925 1389 975 1469 qui
1008 1395 1118 1470 putant
1148 1387 1180 1449 id
1200 1405 1318 1467 semper
1338 1387 1468 1450 officium
1490 1387 1581 1450 fuisse

334 1494 512 1569 quaestorum
545 1486 786 1562 candidatorum,
827 1495 861 1549 ut
891 1489 1042 1552 orationes
1073 1488 1238 1570 principum
1270 1486 1300 1548 in
1332 1496 1440 1550 senatu
1471 1488 1582 1550 recita-

336 1595 410 1648 rent
464 1586 613 1648 inuenitur
651 1587 729 1648 enim
765 1587 796 1649 in
836 1588 940 1668 priori:
978 1587 1019 1652 L.
1056 1586 1184 1652 Minicio
1221 1623 1262 1634 -
1294 1623 1333 1634 -
1365 1623 1405 1634 -·-
1436 1585 1584 1667 Quaerere·

335 1684 504 1749 Candidato
535 1685 618 1748 Dici
649 1684 809 1750 Hadriani
841 1698 868 1752 et
898 1689 1017 1752 eodem
1049 1699 1210 1772 tempore
1241 1723 1280 1734 —
1302 1687 1397 1772 lepato
1413 1688 1583 1774 promacioe

334 1785 450 1870 Africae
481 1787 644 1850 dioeceseos
675 1784 901 1872 Chartopem'en.
934 1825 973 1836 -
1000 1787 1190 1875 moeooeulis
1210 1787 1311 1872 pneris
1331 1790 1396 1864 sui,
1417 1789 1447 1852 in
1470 1789 1581 1852 altero:

335 1884 372 1964 Q.
395 1885 476 1971 Aup.
498 1897 525 1952 ct
545 1888 646 1950 eodem
666 1898 799 1974 tempore
819 1888 914 1972 Iapeto
930 1911 981 1975 pr.
998 1911 1051 1975 pr.
1068 1889 1170 1976 patrie
1186 1889 1353 1974 provincie
1373 1888 1500 1970 Africae.
1521 1890 1582 1952 iam

334 2008 406 2050 uero
438 1987 488 2070 qui
521 1997 569 2050 est
600 1989 716 2069 legatus
745 1990 774 2051 in
797 1989 921 2066 Africa,
942 1993 1047 2054 eodem
1067 2000 1200 2072 tempore
1222 2009 1280 2054 non
1302 1998 1403 2071 potest
1423 1991 1528 2054 Rene
1549 1990 1581 2054 iu

335 2098 442 2152 senatu
464 2089 561 2170 legere
583 2090 733 2152 orationes
755 2091 907 2182 principis.
951 2094 1008 2155 duo
1031 2092 1182 2173 igiturex
1203 2091 1249 2152 bis
1271 2091 1368 2154 titulis
1390 2091 1527 2172 colligere
1544 2091 1582 2153 li-

335 2197 384 2252 cet
415 2197 445 2251 et
466 2197 630 2272 quaestores
659 2191 835 2256 candidatos
857 2193 999 2274 principis
1022 2195 1140 2255 eosdem
1162 2191 1255 2254 fuisse
1277 2192 1328 2274 qui
1348 2192 1430 2254 idem
1451 2199 1582 2274 quaesto·

335 2311 383 2352 ree
404 2291 545 2372 principis
574 2291 763 2356 nominantur
785 2300 816 2354 et
842 2293 889 2356 his
913 2294 1018 2357 Romae
1039 2294 1143 2356 adesse
1168 2313 1227 2355 non
1249 2311 1323 2373 opus
1345 2293 1447 2356 fuisse.
1490 2293 1582 2356 urba-

336 2412 388 2454 nos
420 2400 519 2454 tannen
542 2401 706 2475 quaestores
727 2393 875 2456 interdum
898 2394 1073 2457 candidatos
1095 2394 1195 2456 uocari
1217 2401 1247 2456 et
1267 2411 1319 2474 per
1339 2413 1372 2455 se
1393 2393 1582 2475 perspicuum

332 2502 380 2556 est
407 2501 438 2555 et
468 2493 499 2554 id
530 2493 724 2574 probaremus
753 2514 791 2557 ex
811 2493 900 2556 titulo
921 2494 1080 2558 Muratorii
1101 2514 1188 2576 quern
1208 2494 1269 2556 iam
1291 2493 1498 2568 laudauimm,
1520 2494 1577 2556 uisi

334 2613 400 2656 eum
421 2593 609 2657 subdititium
630 2605 813 2677 putaremus.
828 2615 896 2680 ¹nee
918 2595 1014 2658 minus
1031 2595 1179 2658 interdum
1194 2594 1351 2676 prouincia
1366 2614 1482 2678 quoque
1496 2615 1578 2677 qua·

334 2703 430 2757 stores
463 2695 615 2758 candidati
647 2704 718 2758 sunt
748 2695 890 2776 principis
925 2705 960 2758 ut
980 2696 1061 2777 apud
1081 2697 1249 2758 Mommsen
1274 2696 1299 2758 I.
1321 2695 1359 2758 R.
1382 2697 1420 2759 N.
1446 2694 1520 2758 1881
1544 2723 1578 2750 =

333 2797 457 2858 Henzen
490 2794 572 2860 6452
605 2795 653 2858 Ti.
681 2793 827 2858 OEnudiue
859 2793 1023 2860 Soetbiadee
1055 2793 1204 2860 Caelianus
1232 2794 1339 2860 dicitur
1359 2795 1397 2868 Q.
1419 2796 1578 2878 provinciae

333 2897 442 2960 Sicilia
465 2896 645 2960 candidatus
666 2898 764 2978 Impp.
785 2897 933 2960 Antonini
954 2905 985 2960 et
1004 2897 1081 2960 Veri
1100 2897 1317 2977 Augustorum.
1352 2896 1460 2979 quibus
1481 2897 1579 2959 omni·

332 2997 387 3060 bus
418 2997 603 3078 perspicuum
635 2999 669 3060 fit
701 3017 807 3060 nomeu
829 2998 985 3061 candidati
1006 2998 1045 3061 ad
1067 3018 1169 3061 omnes
1191 2997 1331 3079 cuiusque
1353 3007 1440 3061 eraut
1461 2997 1577 3079 generis

332 3105 492 3178 quaestores
514 3098 691 3178 pertinuisse
713 3099 853 3182 nullaque
875 3099 990 3162 ratione
1012 3117 1111 3163 eorum
1132 3098 1313 3161 sententiam
1335 3099 1455 3162 defendi
1476 3117 1578 3179 posse,

331 3198 382 3280 qui
402 3217 434 3260 se
457 3199 542 3260 nobis
564 3200 740 3278 probaturos
762 3208 888 3282 sperent
909 3200 1076 3264 candidatis
1091 3201 1121 3262 id
1134 3207 1203 3262 ante
1216 3200 1577 3280 aliosquaestoresdaturu

333 3298 436 3371 fuisse,
458 3306 492 3360 ut
513 3299 605 3360 uerba
626 3299 813 3381 imperatoris
827 3301 857 3362 in
878 3309 987 3364 senatu
1009 3304 1158 3376 facerent,
1179 3319 1358 3384 quamquam
1373 3300 1437 3362 fieri
1452 3320 1510 3362 non
1521 3319 1579 3380 po·

331 3398 405 3472 tuit,
427 3398 495 3480 quin
517 3399 548 3460 hi
569 3400 677 3482 quibus
700 3401 762 3464 boec
784 3421 857 3464 eura
877 3410 942 3464 erat
953 3421 1069 3483 semper
1080 3410 1340 3464 essentenumero
1352 3401 1579 3464 candidatorum

332 3508 364 3561 et
395 3507 465 3562 ante
487 3499 562 3562 alios
584 3501 736 3564 candidati
757 3501 899 3583 principis
920 3509 1107 3576 nocerentur,
1128 3521 1217 3583 quum
1239 3509 1386 3584 appareat
1410 3502 1440 3564 id
1460 3520 1579 3582 semper

331 3601 559 3682 imperatoribus
581 3603 662 3665 oordi
685 3601 776 3664 fuisse
798 3601 902 3684 quales
924 3609 1025 3664 essent
1045 3601 1096 3684 qui
1106 3602 1292 3666 consiliorum
1304 3610 1335 3664 et
1345 3602 1457 3666 intimae
1469 3602 1578 3676 mentis

331 3702 491 3784 participes
512 3703 627 3765 fierent.
670 3723 739 3765 nam
761 3702 909 3783 significat
930 3704 1053 3766 uerbum
1074 3703 1225 3767 candidati
1246 3703 1276 3766 in
1299 3703 1345 3765 his
1357 3704 1493 3766 omnibus
1505 3703 1579 3766 nihil

333 3803 412 3865 aliud
434 3812 524 3886 atque
545 3803 575 3864 id
598 3804 676 3886 quod
697 3812 745 3866 est
765 3803 1001 3878 commendatos,
1022 3823 1113 3886 quare
1136 3823 1174 3866 ex
1196 3812 1303 3867 natura
1329 3803 1436 3884 lingum
1457 3823 1578 3868 neeesse

332 3911 413 3977 erat,
435 3912 469 3965 ut
495 3923 599 3966 nornen
622 3904 764 3985 principis
797 3923 894 3984 aquo
915 3903 1039 3986 quisque
1061 3905 1286 3967 commendatus
1308 3911 1389 3966 esset
1410 3904 1577 3978 adderetur.

331 4025 398 4067 eum
421 4011 521 4067 autem
543 4005 769 4067 commendandi
791 4023 918 4078 morem,
940 4013 974 4066 ut
994 4013 1091 4069 certos
1113 4006 1277 4087 deligerent
1291 4005 1439 4086 principes
1454 4005 1578 4086 quisine

333 4105 448 4168 ambitu
469 4114 500 4166 et
520 4105 643 4187 repulsa
664 4125 684 4166 a
704 4114 812 4167 senatu
834 4105 1059 4186 designarentur
1080 4107 1149 4168 inde
1171 4127 1190 4168 a
1210 4106 1361 4187 principiis
1382 4113 1505 4168 mutatae
1518 4106 1578 4168 rei-

332 4207 459 4288 publicae
480 4207 643 4269 obtinuisse
665 4213 785 4269 constat
805 4206 884 4268 inter
905 4226 1016 4270 omnes.
1059 4206 1130 4292 (cfr.
1153 4209 1225 4270 Tac.
1248 4207 1329 4269 Anu.
1350 4208 1366 4268 I
1388 4227 1413 4270 c.
1437 4207 1500 4290 15).

414 4307 555 4388 sequitur,
587 4315 621 4369 ut
653 4307 688 4370 de
715 4306 911 4388 quaestoribus
933 4307 992 4369 iilis
1014 4307 1114 4389 quiin
1136 4307 1233 4370 titulis
1255 4308 1338 4370 nulla
1358 4307 1498 4388 principis
1520 4306 1578 4369 ali-

332 4407 415 4469 cuius
447 4408 567 4471 adiecta
598 4408 747 4486 mentione
781 4406 933 4469 candidati
955 4407 1041 4470 modo
1064 4408 1253 4471 nominantur
1274 4408 1315 4470 sit
1336 4407 1503 4470 dicendum.
1546 4415 1577 4470 et

334 4507 509 4569 conantibus
541 4509 628 4571 nobis
656 4509 727 4591 quid
748 4509 853 4571 borum
875 4507 916 4568 sit
937 4508 1086 4589 proprium
1109 4507 1245 4584 definire,
1266 4509 1296 4570 id
1318 4509 1442 4590 primum
1466 4509 1577 4570 minum

331 4606 429 4669 uisum
462 4617 518 4682 est,
550 4611 627 4691 quod
659 4610 827 4674 huiusmodi
858 4608 938 4671 tituli
966 4627 1022 4672 non
1045 4615 1115 4671 ante
1137 4617 1272 4690 tempora
1289 4611 1329 4680 L.
1350 4609 1426 4672 Veri
1447 4610 1603 4672 existere-

333 4706 483 4784 uidentur‚
514 4730 602 4791 quum
633 4710 665 4773 id
696 4732 789 4792 genus
820 4712 857 4773 de
885 4731 943 4793 quo
965 4710 1052 4772 modo
1073 4709 1202 4772 diximus
1230 4718 1407 4792 quaestorum
1430 4730 1489 4774 non
1506 4731 1577 4774 am-
