3602 5552
673 534 809 604 Spartiani
834 534 888 588 rita
910 534 1051 589 Hadriani.
1448 537 1487 592 55

246 705 382 770 maximo
414 705 546 770 tumultu
568 705 759 781 defecerunt,
781 705 836 770 alii
858 706 1026 788 praesidiis,
1049 725 1116 787 qnae
1138 706 1223 788 apud
1245 707 1331 789 ipsos
1354 707 1489 788 relique·

245 815 297 870 rat
329 808 443 881 exutis,
465 806 519 868 5111
544 806 643 868 casis.
687 827 782 888 quare
805 807 987 870 Hadrianus
1008 808 1284 889 prudentissimum
1306 808 1391 890 cepit
1412 828 1488 872 con-

244 909 358 983 silium,
391 928 483 991 quum
517 907 620 970 omnia
652 927 719 988 qnae
740 917 829 970 trous
852 908 1045 988 Euphratem
1068 916 1158 971 erant
1178 909 1316 991 reliquit,
1339 929 1378 971 ne
1400 909 1483 972 uires

244 1009 343 1073 totius
364 1010 488 1090 imperii
510 1008 642 1072 Romani
665 1008 698 1070 in
721 1007 841 1090 exiguis
875 1017 907 1073 et
928 1008 1049 1072 minimi
1071 1011 1220 1073 momenti
1241 1009 1412 1092 prouinciis
1427 1011 1484 1073 ob-

243 1110 379 1174 tinendis
411 1115 668 1176 consumerentur
699 1129 777 1172 nene
809 1110 922 1172 finibus
959 1109 1024 1172 illis
1058 1131 1135 1192 quos
1156 1110 1229 1190 ipsa
1248 1119 1403 1174 terrarum
1426 1131 1484 1174 na-

242 1219 314 1274 tura
345 1213 509 1293 Euphrate
541 1210 665 1273 flumine
698 1210 818 1272 obiecto
841 1211 980 1274 dedisset
1008 1211 1130 1292 longius
1152 1213 1332 1293 prodeundo
1354 1219 1483 1275 careret.

242 1311 357 1375 iniuste
389 1313 485 1394 igitur
510 1332 578 1374 eum
598 1310 782 1391 uituperaut
812 1311 836 1374 ii
869 1308 941 1395 (cfr.
965 1312 1049 1374 infra
1071 1333 1096 1374 c.
1119 1310 1139 1374 9
1162 1313 1296 1395 Eutrop.
1319 1313 1339 1374 1.
1362 1313 1382 1375 1.
1405 1313 1478 1376 Sex.

242 1413 317 1475 nur.
363 1415 410 1476 14.
454 1415 504 1476 20.
569 1413 701 1475 Hieron.
744 1412 861 1476 (ibren.
899 1433 927 1476 5.
961 1412 1059 1497 2131)
1106 1413 1158 1495 qui
1201 1413 1309 1494 gloriae
1351 1413 1483 1476 Traiani

240 1512 434 1577 insidentem
465 1514 499 1576 id
532 1513 643 1576 fecisse
675 1513 875 1576 contendunt.
929 1513 1031 1576 Dacia
1064 1533 1185 1596 qnoque
1219 1516 1278 1577 hoc
1299 1521 1482 1596 temporea

240 1615 398 1679 Sarmatis
431 1616 566 1697 aliisque
599 1614 746 1677 barbaris
790 1614 971 1677 nationibus
1004 1615 1240 1688 deuastabatnr,
1274 1623 1307 1676 et
1339 1635 1379 1678 ex
1411 1615 1478 1678 loco

240 1717 386 1798 Eutropii
430 1716 557 1778 laudato
590 1715 799 1791 concluditur,
839 1715 1035 1778 Hadrianum
1072 1735 1130 1797 quo
1165 1715 1288 1779 facilius
1321 1717 1482 1778 11555151-

240 1817 320 1897 perii
363 1824 486 1880 teneret
528 1835 597 1880 eam
644 1836 764 1898 quoque
809 1817 983 1898 relinquere
1028 1817 1060 1878 in
1095 1816 1197 1880 animo
1231 1817 1378 1880 babuisse
1409 1817 1481 1880 uix-

241 1936 298 1998 que
342 1925 473 2000 propter
504 1917 619 1981 ciuium
648 1918 860 1980 Romanorum
900 1918 953 2000 qni
986 1917 1032 1980 ibi
1065 1918 1271 1981 consederunt
1307 1918 1483 1980 multitudi-

239 2039 310 2081 nem
353 2020 521 2082 adductum
562 2039 645 2094 esse,
678 2027 714 2080 nt
745 2037 815 2080 eam
848 2019 1006 2081 retineret.
1061 2037 1158 2101 quere
1191 2019 1224 2081 in
1257 2018 1479 2099 inscriptione,

238 2119 519 2201 Zaimizegethusae
546 2119 685 2194 inuenta,
707 2120 809 2183 Dacia
830 2120 947 2183 uirtute
969 2119 1127 2182 Hadriani
1150 2120 1281 2202 imperio
1304 2120 1414 2182 addita
1434 2121 1449 2182 s
1466 2155 1482 2166 -

238 2221 285 2284 lix
307 2241 375 2284 esse
397 2221 511 2284 dicitur
532 2221 671 2304 (Zumpt.
693 2221 725 2282 in
746 2221 829 2283 Mus.
851 2221 953 2284 Rhen.
978 2220 1057 2282 1843
1079 2241 1110 2302 p.
1133 2216 1220 2304 257).
1253 2222 1302 2284 bis
1324 2240 1398 2284 nero
1415 2240 1482 2282 om-

238 2322 331 2384 nibns
362 2321 586 2385 rebellantibus
616 2323 656 2384 ad
689 2331 845 2384 certamen
879 2323 1008 2384 Mauros
1042 2339 1165 2403 qnoque
1199 2323 1312 2386 Lusius
1349 2320 1481 2392 Quietus

238 2422 422 2504 instigabat.
472 2423 510 2485 de
561 2423 724 2486 Britannis
775 2430 877 2486 autem
924 2419 1188 2486 tumultuantibus
1219 2423 1330 2485 scribit
1361 2427 1481 2486 Fronto

237 2522 364 2609 (fragm.
397 2524 435 2587 de
468 2523 550 2586 bello
572 2525 722 2586 Parthico
743 2544 774 2605 p.
796 2524 854 2585 321
880 2525 927 2585 ed.
949 2524 1096 2586 Francol.
1118 2522 1194 2606 quid
1214 2545 1272 2586 555
1293 2532 1392 2586 uestro
1413 2521 1481 2584 Ha·

237 2624 347 2688 driaco
379 2624 542 2708 imperinm
572 2619 738 2688 oberarre?
769 2633 915 2708 quantum
945 2621 1075 2686 militum
1107 2644 1125 2684 5
1153 2621 1275 2698 Iudaeis,
1297 2632 1441 2706 quantum
1461 2643 1481 2682 a

111 2775 113 2786 .
237 2723 400 2788 Britannis
431 2746 549 2787 cresum.
583 2727 637 2788 cfr.
659 2726 729 2788 adn.
752 2745 845 2806 quarn
867 2725 912 2788 ibi
935 2724 1083 2806 adposuit
1103 2720 1235 2807 Maius).
1278 2724 1308 2785 in
1332 2724 1480 2804 Aegypto

237 2825 358 2907 Cyrene
391 2827 497 2908 Cypro
524 2826 623 2888 Indaei
646 2845 744 2906 usque
766 2826 806 2888 ab
828 2844 910 2888 anno
932 2845 963 2906 p.
987 2825 1043 2888 ch.
1069 2823 1106 2885 15
1130 2843 1274 2904 magnum
1296 2823 1482 2886 exciuerunt

238 2926 420 3000 tumultum,
453 2927 507 3006 qni
541 2946 561 2987 a
592 2927 688 2990 Lusio
711 2925 827 2997 Quieto
849 2926 909 2988 hoc
930 2926 1000 3007 ipso
1022 2943 1119 2997 anno,
1143 2943 1202 3004 quo
1225 2924 1388 3005 imperium
1411 2924 1480 2985 He-

239 3025 367 3088 drianns
390 3034 439 3089 est
459 3026 604 3107 adeptus,
626 3007 820 3108 compressus
843 3035 899 3088 est.
943 3024 1021 3111 (Dio
1056 3024 1144 3087 Cass.
1166 3025 1307 3088 LXVlll
1328 3026 1378 3086 32.
1400 3023 1480 3087 alios

238 3135 383 3190 auctores
416 3128 488 3189 uide
516 3146 567 3209 ap.
590 3128 718 3191 Olinton
741 3128 760 3189 l.
783 3127 803 3188 l.
825 3146 856 3207 p.
881 3127 940 3188 100
962 3135 994 3188 et
1018 3124 1102 3210 102).
1145 3126 1245 3207 Lycia
1262 3125 1394 3207 denique
1417 3144 1479 3207 qua

237 3228 275 3289 de
308 3247 403 3290 consa
425 3228 534 3311 quieta
555 3247 617 3291 non
641 3227 744 3302 fuerit,
766 3227 870 3307 ignari
892 3247 998 3289 snmus
1021 3234 1053 3290 et
1074 3226 1185 3290 mirum
1209 3235 1272 3301 est,
1295 3236 1328 3290 ut
1350 3227 1396 3289 511
1418 3227 1479 3290 Ca-

237 3331 404 3404 ssubonns,
457 3329 651 3410 prouinciam
684 3347 782 3411 neque
814 3335 1039 3410 praepotentem
1072 3335 1105 3389 et
1135 3329 1284 3392 Romanae
1317 3327 1478 3391 seruitutis

236 3431 309 3512 iugo
342 3431 389 3492 115
421 3431 535 3493 dudum
558 3437 734 3504 assuetam,
761 3429 880 3511 aliquid
902 3448 1026 3493 mouere
1048 3448 1156 3492 ansam
1180 3449 1260 3504 esse,
1283 3448 1378 3511 quare
1400 3429 1479 3491 scri-

234 3531 366 3594 bendum
388 3551 457 3594 esse
479 3540 571 3612 putat
591 3529 701 3614 Libya.
732 3530 813 3613 quod
837 3530 974 3593 maxime
996 3530 1073 3593 mibi
1095 3531 1209 3613 placet,
1231 3549 1324 3612 quum
1345 3548 1478 3610 praeser-

234 3632 291 3695 tim
320 3641 351 3694 et
382 3633 451 3696 Pal.
484 3642 516 3694 et
546 3634 710 3713 Bamberg.
732 3632 759 3694 si
782 3633 896 3695 Petero
921 3632 1090 3705 credimus,
1112 3639 1196 3694 certe
1217 3631 1329 3694 Bamb.
1351 3625 1477 3713 (iord).

233 3729 333 3816 Licpo
354 3733 482 3797 habent.
525 3743 557 3796 et
578 3741 702 3797 constat
729 3753 768 3794 ex
789 3733 919 3796 Eusebii
942 3733 1058 3796 Obron.
1081 3751 1158 3820 ann,
1176 3733 1254 3794 2131
1280 3730 1369 3814 (uide
1392 3729 1478 3793 clin-

233 3833 329 3896 1551.
351 3831 389 3918 l.)
410 3835 541 3910 ludaeos,
564 3835 618 3918 qni
640 3834 673 3897 in
695 3833 799 3916 Libya
821 3834 985 3914 degerent,
1006 3841 1039 3895 et
1060 3852 1114 3896 eos
1137 3832 1187 3896 his
1209 3830 1402 3914 temporibus
1425 3839 1477 3892 tu-

234 3933 405 3997 multuatos
427 3955 505 3998 esse.

315 4036 331 4117 0
353 4037 381 4096 3.
414 4034 595 4118 55551515-
604 4070 644 4081 -
656 4030 777 4096 Catonis
788 4036 843 4098 cfr.
855 4037 926 4098 Liv.
939 4034 1050 4099 XLIV
1064 4034 1112 4110 18,
1127 4035 1181 4118 qni
1193 4041 1299 4096 tamen
1311 4051 1375 4096 rem
1386 4031 1480 4094 aliter

232 4143 351 4199 narrat.
375 4171 413 4180 -
435 4136 507 4218 quia
528 4136 606 4198 tueri
625 4143 849 4216 conpererant.
877 4136 1003 4199 uerbum
1025 4137 1135 4200 tuendi
1157 4154 1252 4218 quum
1275 4132 1405 4196 eandem
1420 4133 1479 4194 ba-

232 4237 286 4299 bet
306 4234 564 4318 significationem
592 4243 687 4318 atque
708 4233 742 4296 id
764 4236 846 4317 quod
868 4245 916 4298 est
937 4235 1113 4324 defendere,
1141 4236 1205 4299 nim
1227 4234 1315 4296 verbi
1337 4232 1479 4315 patiendi

231 4337 346 4419 recipit
366 4337 461 4400 etiam
483 4337 565 4418 apud
587 4339 781 4412 Varronem,
809 4337 991 4400 Lucretium
1014 4344 1047 4399 et
1067 4337 1187 4419 passim
1207 4335 1240 4398 in
1261 4334 1401 4416 Digestis
1423 4336 1478 4397 Iu-

230 4438 370 4502 stiniani.
411 4437 502 4518 uulgo
527 4437 669 4501 scribunt
692 4437 802 4513 15551,
824 4438 880 4500 sed
902 4446 1011 4501 contra
1032 4438 1170 4501 codicum
1192 4435 1422 4498 auctoritatem.
1438 4469 1478 4482 -

229 4536 459 4603 &moden
501 4537 549 4602 ita
571 4545 603 4601 et
624 4539 735 4602 Bamb.
754 4547 785 4602 et
803 4538 872 4602 Pal.
898 4559 992 4621 quare
1017 4558 1078 4601 non
1090 4536 1298 4600 dubitandum
1311 4555 1379 4599 esse
1390 4545 1478 4618 puto,

230 4639 304 4720 quin
331 4640 379 4702 115
399 4639 562 4722 scripserit
582 4637 798 4722 spartianum,
824 4659 989 4720 perperam
1011 4647 1126 4702 tumen.
1169 4644 1218 4700 est
1239 4637 1321 4701 enim
1342 4639 1410 4702 neri
1431 4638 1476 4702 si-

195 4795 203 4814 ,
230 4739 314 4814 mile¹
333 4741 393 4804 hoc
419 4740 487 4805 loco
515 4739 754 4806 sarmatosirin
781 4739 946 4823 scripsisse
973 4758 1030 4822 pro
1053 4738 1119 4802 eius
1142 4738 1226 4821 regis
1248 4738 1390 4815 nomine,
1422 4736 1477 4822 qui
