3602 5552
657 503 795 574 Sportioni
816 503 873 558 rito
894 503 1034 558 Hadriani.
1116 548 1123 564 .
1197 571 1200 574 Ι
1430 509 1465 562 19

253 670 386 767 Tempe
412 679 559 740 uocaret
599 678 634 739 et
658 678 697 738 ut
722 664 808 738 nihil
833 667 1113 765 praetermitteret
1140 667 1243 740 etiam
1261 668 1386 741 inferos
1404 671 1470 742 fin-

253 773 314 844 xit.
365 771 458 867 signa
485 769 605 842 mortis
630 768 706 840 haeo
730 767 860 842 habuit.
907 771 1012 842 natali
1038 797 1100 843 suo
1127 769 1266 861 ultimo,
1292 795 1370 841 oum
1396 771 1507 844 tin-6

256 872 410 946 toninum
438 872 710 950 commendaret,
742 883 909 964 praetexta
935 884 1056 967 sponte
1083 871 1221 967 delapsa
1248 884 1350 968 caput
1375 873 1407 944 ei
1432 898 1469 944 a·

254 973 376 1071 peruit.
427 971 564 1053 anulus,
590 973 626 1043 in
652 997 719 1069 quo
745 972 857 1069 imago
882 973 990 1069 ipsius
1015 974 1149 1072 sculpto
1174 985 1256 1053 erat,
1282 985 1402 1068 sponte
1428 974 1508 1046 de?

222 1107 238 1154 5
258 1073 363 1172 digito
389 1073 549 1171 delapsus
576 1086 638 1146 est.
675 1085 754 1144 ante
780 1073 871 1145 diem
898 1074 1021 1147 natalis
1046 1074 1120 1147 eius
1145 1074 1259 1146 nescio
1276 1075 1337 1172 qui
1353 1077 1396 1147 ed
1414 1081 1507 1147 se-8

255 1193 375 1248 netum
401 1174 537 1246 ululans
558 1174 678 1247 uenit..
701 1187 818 1246 eontra
843 1200 947 1272 quem
972 1174 1171 1249 Hadrianus
1195 1175 1244 1246 ita
1270 1188 1383 1248 motus
1409 1190 1473 1259 est,

255 1277 352 1375 quasi
377 1277 420 1348 de
446 1301 507 1347 sua
532 1289 642 1348 morte
667 1276 871 1372 loqueretur,
899 1302 977 1348 oum
1003 1277 1076 1350 eius
1101 1277 1206 1349 uerba
1231 1278 1341 1349 nullos
1367 1303 1465 1376 agno·

254 1390 372 1452 soeret.
409 1377 503 1449 idem
529 1403 608 1450 eum
635 1377 740 1449 uellet
764 1377 800 1449 in
825 1390 946 1450 senatu
972 1378 1084 1450 dicere
1110 1377 1198 1475 'post
1214 1378 1278 1452 filii
1294 1378 1362 1450 mei
1379 1386 1508 1451 mor-9

255 1477 345 1560 tem,
372 1477 460 1576 ’post
484 1477 608 1551 meem’
634 1478 729 1551 dixit.
781 1477 965 1551 somniauit
990 1497 1157 1578 praeterea
1182 1506 1219 1552 se
1244 1493 1385 1578 epatre
1411 1505 1474 1576 po·
1489 1486 1535 1551 10

207 1582 386 1664 lotionem
411 1580 634 1677 soporiferam
659 1581 857 1677 inpetrasse.
894 1581 978 1653 item
1002 1581 1186 1654 somniauit
1203 1606 1225 1653 a
1241 1582 1338 1654 leone
1356 1607 1392 1654 se
1410 1606 1472 1677 op-

254 1707 411 1781 pressum
437 1707 521 1754 esse.

355 1783 391 1854 in
417 1795 591 1854 mortuum
617 1807 696 1853 eum
722 1805 743 1854 a
768 1783 885 1854 multis
911 1783 1020 1854 multe
1045 1796 1126 1856 sunt
1150 1781 1250 1856 dieta.
1302 1796 1377 1856 acto
1402 1783 1475 1855 eius
1488 1782 1530 1860 27

255 1884 357 1958 inrita
386 1883 461 1956 fieri
487 1896 624 1956 senatus
650 1885 796 1956 uolebat.
847 1910 912 1984 nee
934 1884 1140 1982 eppe-ssatus„
1151 1897 1244 1980 esset
1268 1885 1385 1967 diuus,
1409 1883 1512 1956 nisi2

256 1985 452 2058 Antoninus
477 1998 639 2083 rogasset.
678 1986 848 2083 templum
874 1986 1021 2082 denique
1047 1987 1080 2058 ei
1105 2012 1167 2084 pro
1186 1987 1366 2083 sepulchro
1384 1986 1511 2084 apud3

207 2121 238 2174 15
255 2087 418 2159 Puteolos
451 2087 629 2158 constituit
661 2101 697 2159 et
721 2087 973 2186 quinquennale
1000 2101 1170 2160 certamen
1197 2102 1232 2159 et
1258 2087 1414 2159 flamines
1440 2099 1475 2159 et

255 2189 389 2262 sodales
416 2200 451 2260 et
476 2188 585 2260 multa
611 2188 678 2260 alie
703 2214 782 2286 quae
808 2189 852 2260 ad
879 2189 1042 2261 honorem
1069 2188 1168 2285 quasi
1194 2189 1344 2261 numinis
1368 2189 1474 2286 perti·

254 2302 383 2362 nerent.
435 2314 503 2388 qua
527 2315 581 2370 re,
606 2303 646 2361 ut
671 2315 774 2388 supra
799 2289 930 2362 dictum
957 2303 1024 2372 est,
1050 2289 1151 2361 multi
1176 2303 1300 2386 putant
1325 2288 1513 2361 Antoni-4

254 2419 337 2463 num
363 2391 469 2466 Pium
495 2392 636 2464 dietum.
