3602 5552
650 500 788 570 Spartiaui
810 499 865 556 vita
886 498 1025 556 Hadriani.
1467 499 1486 556 5

267 667 322 742 nis
348 664 523 738 Parthicae
548 676 705 761 tempore
731 665 922 738 destinatus
939 679 1000 738 est.
1038 689 1107 761 qua
1127 662 1269 760 quidem
1286 671 1530 759 tempestate2

269 769 432 842 utebatur
461 764 662 838 Hadrianus
694 765 846 839 amicitia
886 764 976 840 Sosii
1001 765 1091 863 Papi
1117 779 1152 838 et
1176 763 1321 837 Platorii
1346 762 1493 861 Nepotis

267 898 311 944 ex
331 866 501 942 senatorio
527 865 662 946 ordine,
689 893 732 939 ex
757 869 907 964 equestri
932 881 1049 940 autem
1074 866 1207 940 Attiani
1231 865 1354 939 tutoris
1379 891 1490 963 quon-

269 973 351 1044 dam
376 970 430 1042 sui
456 980 492 1040 et
516 966 653 1042 Liuiani
679 967 860 1044 Turbonis.
903 971 939 1042 in
964 968 1157 1067 adoptionis
1183 967 1403 1064 sponsionem
1428 973 1528 1042 ue-3

235 1073 323 1160 5nit
348 1069 470 1143 Palma
496 1082 531 1141 et
556 1067 659 1142 Celso
685 1069 832 1144 inimicis
858 1097 994 1168 semper
1019 1068 1089 1143 suis
1115 1082 1151 1142 et
1175 1094 1261 1166 quos
1279 1082 1399 1165 postea
1416 1069 1491 1166 ipse

267 1176 442 1248 insecutus
474 1185 527 1243 est
557 1171 593 1242 in
624 1171 854 1268 suspicionem
879 1174 1024 1246 adfectae
1048 1170 1241 1269 tyrannidis
1266 1170 1382 1267 lapsis.
1434 1179 1528 1244 se-4

267 1276 379 1348 cundo
405 1272 525 1346 consul
550 1271 667 1344 fauore
693 1270 841 1347 Plotinae
866 1275 976 1347 factus
1001 1285 1111 1346 totam
1127 1272 1435 1369 praesumpticnem
1452 1298 1490 1346 a·

268 1374 441 1473 doptionis
472 1373 627 1446 emeruit.
680 1376 871 1473 corrupisse
902 1401 982 1447 eum
1008 1373 1146 1447 Traiani
1171 1374 1328 1454 libertos,
1354 1381 1525 1448 curasse5

268 1477 435 1550 delicatos
471 1475 680 1571 eosdemque
716 1500 809 1574 saepe
847 1478 927 1550 lisse
964 1502 1025 1573 per
1058 1500 1099 1548 ea
1123 1487 1279 1571 tempora
1305 1475 1431 1572 quibus
1457 1476 1492 1548 in

220 1611 252 1666 10
269 1579 347 1652 aula
373 1576 631 1648 familiariorum
657 1577 724 1650 fuit
748 1579 864 1675 opinio
890 1578 999 1650 multa
1024 1576 1185 1648 firmauit.
1223 1576 1344 1673 quinto
1370 1576 1491 1648 iduum
1508 1580 1537 1650 θ’

267 1677 416 1776 Augusti
442 1678 498 1750 die
523 1678 655 1774 legatus
683 1677 794 1776 Syriae
821 1681 953 1753 litteras
976 1678 1171 1775 adoptionis
1190 1678 1338 1775 accepit;
1356 1679 1493 1774 quando

268 1793 304 1854 et
334 1779 484 1852 natalem
515 1779 709 1876 adoptionis
740 1781 903 1854 celebrari
934 1781 1044 1854 iussit.
1096 1778 1197 1852 tertio
1223 1780 1344 1851 iduum
1370 1782 1530 1854 carun-7

268 1883 349 1954 dem
374 1881 511 1977 quando
537 1893 573 1952 et
597 1882 748 1953 natalem
773 1882 910 1979 imperii
935 1882 1057 1954 statuit
1074 1880 1315 1954 celebrandum
1335 1906 1494 1954 excessus

269 1984 301 2056 ei
326 1979 466 2054 Traiani
491 1980 668 2054 nuntiatus
694 1996 756 2056 est.
1256 2051 1273 2086 c

219 2109 252 2166 15
367 2083 529 2179 frequens
568 2107 649 2155 sane
688 2083 803 2181 opinio
843 2085 924 2166 fuit,
959 2082 1106 2155 Traiano
1130 2082 1167 2155 id
1192 2081 1299 2154 animi
1325 2082 1431 2156 fuisse
1455 2087 1531 2157 ut8

209 2275 213 2286 ᾳ
270 2184 452 2257 Neratium
479 2181 653 2264 Priscum,
681 2211 749 2258 nou
775 2183 994 2258 Hadrianum
1020 2209 1251 2258 successorem
1276 2185 1494 2280 relinqueret,

270 2286 390 2358 multis
415 2284 534 2358 amicis
560 2286 596 2358 in
622 2286 688 2359 hoc
713 2287 1005 2360 consentientibus
1030 2311 1139 2382 usque
1165 2311 1205 2358 eo
1232 2299 1271 2357 ut
1293 2285 1413 2358 Prisco
1430 2285 1494 2358 ali-

255 2388 408 2484 'quando
440 2386 566 2459 dixerit
603 2385 817 2461 'commendo
843 2389 907 2461 tibi
933 2387 1136 2485 prouincias,
1163 2389 1192 2460 si
1219 2387 1303 2483 quid
1328 2387 1416 2459 mihi
1441 2388 1494 2458 fa-
1529 2429 1532 2442 ·

270 2491 339 2562 tale
364 2486 565 2585 contigerit'
604 2490 765 2562 etmulti
791 2490 933 2587 quidem
960 2489 1079 2561 dicunt
1105 2487 1292 2560 Traianum
1315 2487 1352 2560 in
1378 2488 1530 2562 animo9

220 2629 255 2684 ω
272 2591 308 2663 id
333 2589 493 2662 habuisse
519 2603 559 2662 ut
585 2592 743 2687 exemplo
772 2591 958 2662 Alexandri
985 2589 1187 2662 Macedonis
1213 2589 1287 2661 sine
1305 2601 1397 2662 certo
1416 2613 1494 2660 suc-

270 2717 404 2766 cessore
431 2704 631 2772 moreretur,
658 2693 760 2764 multi
785 2693 829 2764 ad
855 2705 1013 2764 senatum
1041 2716 1121 2762 eum
1139 2691 1328 2762 orationem
1345 2689 1494 2762 uoluisse

270 2793 407 2866 mittere
446 2792 652 2889 petiturum,
685 2807 739 2874 ut,
765 2794 795 2865 si
821 2794 904 2889 quid
930 2793 962 2864 ei
989 2793 1175 2873 euenisset,
1202 2790 1394 2888 principem
1419 2788 1496 2862 Ro-

270 2917 383 2965 manae
407 2893 457 2964 rei
483 2893 631 2988 publicae
658 2907 796 2966 senatus
824 2897 937 2975 daret,
964 2892 1090 2965 additis
1117 2893 1201 2964 dum
1227 2904 1323 2964 taxat
1347 2891 1496 2963 nomini-

271 2994 351 3076 bus,
377 3019 421 3065 ex
451 2993 576 3089 quibus
602 2995 773 3090 optimum
799 2995 893 3067 idem
919 3007 1057 3066 senatus
1083 2993 1233 3090 eligeret.
1284 3017 1347 3065 nec
1372 2992 1498 3066 desunt
1512 2999 1558 3070 10

221 3131 255 3187 25
272 3096 333 3192 qui
363 3093 511 3166 factione
538 3093 687 3167 Plotinae
713 3109 848 3168 mortuo
873 3096 944 3167 iam
961 3092 1108 3167 Traiano
1125 3093 1343 3166 Hadrianum
1361 3093 1397 3164 in
1413 3095 1498 3167 ado-

271 3197 425 3297 ptionem
451 3196 623 3268 adscitum
649 3221 723 3270 esse
749 3197 963 3292 prodiderint
989 3197 1167 3293 supposito
1193 3195 1253 3293 qui
1271 3221 1332 3292 pro
1351 3194 1498 3268 Traiano

272 3303 362 3374 fessa
387 3319 471 3368 uoce
496 3297 704 3394 loqueretur.

369 3398 515 3494 adeptus
550 3399 734 3496 imperium
765 3399 810 3471 ad
842 3398 994 3494 priscum
1027 3424 1064 3471 se
1094 3397 1211 3470 statim
1237 3423 1369 3472 morem
1395 3397 1528 3477 insti-5

271 3503 339 3575 tuit
376 3513 412 3572 et
447 3501 606 3574 tenendae
640 3526 702 3597 per
731 3500 850 3574 orbern
876 3512 1045 3572 terrarum
1071 3499 1148 3598 paci
1173 3523 1312 3595 operam
1338 3499 1496 3572 intendit.

220 3635 255 3689 20
271 3629 352 3676 nam
388 3600 626 3674 deficientibus
664 3603 721 3674 his
759 3601 954 3674 nationibus
992 3627 1078 3698 quas
1118 3600 1284 3673 Traianus
1314 3601 1533 3697 subegerat2

270 3703 388 3798 Mauri
413 3702 640 3785 lacessebant,
669 3703 839 3796 Sarmata
864 3703 994 3776 bellum
1020 3702 1230 3783 inferebant,
1256 3701 1417 3796 Britanni
1442 3715 1495 3772 te-
1572 3722 1577 3782 ι

271 3795 348 3878 neri
372 3803 437 3876 snb
463 3802 622 3876 Romana
649 3805 782 3877 dicione
807 3830 876 3876 non
908 3817 1083 3901 poterant,
1111 3803 1292 3902 Aegyptus
1317 3802 1495 3876 seditioni·
1628 3807 1657 3844 a

272 3907 338 3980 bus
374 3905 569 4002 urgebatur,
601 3905 713 4004 Libya
745 3906 893 4002 denique
918 3931 957 3978 ac
983 3905 1171 3978 Palaestina
1196 3905 1339 3976 rebelles
1364 3903 1498 3974 animos

273 4008 471 4082 efferebant.
524 3995 782 4103 quarsomnia
817 4021 911 4078 trans
942 4007 1109 4079 Eufraten
1135 4031 1175 4078 ac
1201 4003 1331 4102 Tigrim
1359 4003 1533 4099 reliquit3

222 4141 256 4194 aa
273 4110 442 4207 exemplo,
467 4121 507 4180 ut
533 4107 678 4188 dicebat,
705 4106 846 4182 Catonis
872 4109 932 4205 qui
959 4107 1169 4181 Macedonas
1194 4105 1318 4178 liberos
1345 4129 1497 4200 pronun-

272 4213 375 4286 tiauit
400 4208 480 4307 quia
505 4209 595 4282 tueri
620 4235 688 4282 non
713 4223 884 4306 poterant.
927 4208 1171 4286 sarmatosirin
1196 4231 1301 4303 quam
1328 4203 1534 4280 Traianus4
1566 4205 1574 4280 l

274 4312 415 4387 Parthis
448 4335 564 4407 regem
594 4311 729 4392 fecerat,
756 4311 849 4408 quod
875 4336 955 4382 eum
982 4336 1049 4383 non
1077 4307 1192 4405 magni
1217 4306 1378 4402 ponderis
1404 4309 1497 4404 apud

275 4414 423 4488 Parthos
448 4411 597 4491 uideret,
624 4413 789 4508 proximis
814 4411 972 4509 gentibus
998 4412 1094 4484 dedit
1118 4433 1243 4505 regem.

375 4528 511 4588 tantum
537 4527 654 4586 autem
679 4515 796 4585 statim
823 4513 1015 4584 clementiae
1041 4511 1193 4583 studium
1216 4508 1399 4590 habuitne,
1417 4519 1533 4582 cumb

226 4645 261 4700 ω
277 4617 342 4688 sub
367 4613 489 4713 primis
514 4615 651 4710 imperii
677 4615 798 4687 diebus
824 4613 868 4684 ab
894 4611 1036 4684 Attiano
1061 4637 1124 4708 per
1148 4611 1309 4707 epistolas
1328 4625 1419 4684 esset
1435 4614 1498 4684 ad-

275 4717 427 4792 monitus
458 4728 498 4790 ut
522 4729 559 4790 et
582 4714 725 4792 Baebius
750 4714 870 4788 Macer
895 4713 1077 4814 praefectus
1102 4713 1212 4796 urbis,
1238 4713 1268 4790 si
1293 4713 1496 4794 reniteretur
