3602 5552
681 591 688 606 .
801 542 890 600 Julius
912 539 1080 597 contemti.

331 1457 481 1533 variatas
509 1457 663 1532 librorum
692 1453 941 1551 Bamborgonsis
966 1447 1000 1522 ot
1024 1443 1174 1521 Palatini.
1224 1442 1382 1519 aooodunt
1405 1439 1565 1516 nonnulla

667 1557 832 1632 doctorum
856 1554 998 1628 uirorum
1022 1547 1224 1648 coniectura.

413 1707 551 1761 notorum
571 1695 631 1759 ineo
651 1705 693 1759 est
713 1677 879 1780 eeple'eote'o,
912 1705 944 1756 ut
964 1691 1003 1754 sit
1022 1689 1057 1753 B
1077 1685 1177 1752 Codee
1197 1683 1440 1770 Bomberyenae's,
1455 1681 1565 1746 PPa-

331 1797 454 1875 latinus,
481 1797 499 1860 b
527 1807 593 1882 etp
614 1796 823 1860 emendatoiees
843 1817 945 1860 eonem
965 1812 1082 1854 manos.
1124 1807 1315 1852 numerorum
1336 1806 1407 1850 uero
1427 1784 1480 1870 qni
1500 1791 1567 1846 onte

332 1897 480 1962 teotonem
499 1897 633 1963 coetuum
650 1897 743 1980 positi
764 1905 840 1972 aaut,
856 1897 947 1980 pn'or
961 1894 1094 1978 poqinaa
1114 1898 1262 1954 contentus
1282 1887 1409 1962 iadiout,
1431 1885 1505 1950 alter
1525 1884 1567 1948 od

332 1999 437 2062 seriem
458 1995 606 2062 lineorum
626 1997 766 2081 caiusque
782 1997 904 2082 poye‘ooe
919 1994 1057 2081 pertinet.

414 2100 450 2174 3,
476 2099 509 2162 in
529 2097 611 2160 robe.
632 2099 787 2180 spartiani
809 2099 846 2162 de
868 2097 936 2162 nita
956 2094 1101 2160 hadriani
1121 2091 1188 2157 BP
1207 2089 1346 2176 (adriani
1365 2087 1414 2171 B)
1435 2086 1476 2149 ad
1498 2085 1566 2150 dio-

334 2199 500 2264 cletianum
526 2205 690 2280 angustum
721 2199 792 2261 add.
810 2219 835 2282 p
897 2199 971 2274 3,1.
992 2194 1148 2261 uetustior
1167 2193 1202 2257 B
1263 2193 1294 2269 3,
1308 2195 1337 2256 2.
1359 2188 1472 2254 hadria
1491 2187 1567 2250 hor-

332 2308 383 2364 tos
413 2300 448 2364 B
479 2294 628 2384 (Jordan)
651 2293 703 2387 sis
730 2307 816 2363 ortos
846 2297 914 2362 BP
937 2298 973 2384 (h
995 2293 1088 2380 eras.)
1109 2295 1280 2359 hadrianus
1303 2301 1387 2357 ortus
1408 2289 1426 2352 b
1448 2285 1565 2372 (Peter)

333 2402 364 2476 3,
384 2402 413 2463 3.
438 2396 593 2490 italissam
621 2397 654 2462 P
713 2401 743 2476 3,
764 2401 793 2464 4.
816 2406 1035 2463 commemoret
1054 2397 1088 2460 B
1109 2402 1329 2460 commemorat
1348 2393 1367 2456 b
1387 2391 1424 2478 (a
1444 2393 1477 2454 in
1497 2387 1565 2475 ras)

332 2510 400 2566 teate
420 2499 537 2578 Petere,
558 2499 608 2564 etei
627 2501 744 2565 eredere
764 2499 900 2564 manibus
920 2499 991 2564 loeis
1011 2521 1071 2563 non
1091 2501 1199 2571 oiemm,
1218 2517 1311 2587 'quom
1328 2492 1496 2578 preeemtim
1516 2490 1566 2552 ui·

332 2602 395 2664 mia
421 2623 497 2688 sepe
524 2599 680 2666 subtilitate
701 2602 837 2666 diuersos
859 2623 966 2666 monuo
987 2601 1153 2664 discernere
1173 2597 1320 2660 uideatur.
1382 2596 1413 2669 3,
1427 2587 1457 2656 7.
1479 2599 1565 2655 atta-

331 2722 389 2766 nns
409 2702 444 2766 B
464 2705 645 2769 marullinns
666 2703 778 2767 emend.
803 2701 932 2766 Salmas.
953 2702 1134 2784 maryllinus
1155 2700 1221 2765 BP
1260 2697 1352 2771 3,11.
1373 2703 1447 2758 tuno
1467 2691 1500 2756 P
1517 2691 1565 2755 ni·

332 2823 400 2867 rum
428 2825 453 2889 p
521 2806 619 2882 3,12.
649 2804 760 2868 oalinm
786 2803 944 2868 tacianum
971 2802 1006 2866 B
1026 2803 1145 2866 omlinm
1173 2801 1326 2866 tatianum
1345 2797 1380 2861 P
1397 2794 1565 2861 eemndnuit

331 2901 506 2969 Salmasius.
559 2906 653 2982 3,13.
675 2905 774 2988 grecis
795 2904 837 2968 B.
859 2905 939 2990 quod
959 2905 1108 2979 mendam,
1129 2925 1221 2988 quma
1241 2901 1404 2986 sepissime
1424 2897 1565 2962 inomni-

330 3002 386 3068 bue
420 3017 551 3070 ueterum
585 3006 685 3092 script.
722 3005 872 3071 codicibus
902 3005 1083 3078 inueniatur,
1113 3027 1174 3069 aon
1204 3001 1335 3088 amplius
1355 2999 1563 3064 indicabimus.

331 3107 429 3181 3,14.
451 3107 533 3171 redit
557 3107 632 3183 BP,
659 3117 691 3170 at
710 3108 775 3189 fere
796 3128 921 3192 semper,
937 3127 998 3191 pro
1019 3107 1114 3170 rediit
1175 3103 1270 3182 3,16.
1292 3101 1426 3168 uenandi
1448 3120 1563 3164 correo.

329 3203 456 3270 Salmas.
478 3207 530 3270 sed
550 3206 652 3292 confer
673 3207 774 3271 Plent.
796 3207 858 3272 mil.
877 3208 998 3292 qlorios.
1020 3229 1048 3270 a.
1060 3207 1129 3270 801.
1153 3226 1248 3289 usquo
1263 3206 1303 3268 ad
1318 3201 1564 3286 prmhensionem

330 3305 364 3368 B
395 3307 536 3370 uenando
557 3327 593 3370 ns
603 3302 687 3397 fissi
708 3309 946 3389 prehensionem
966 3311 1078 3391 itateyer
1098 3305 1132 3370 P
1149 3317 1218 3370 teate
1239 3303 1367 3370 Gruteeo
1388 3302 1472 3366 tabee
1492 3323 1564 3388 spa·

330 3406 461 3490 tiamqoe
491 3428 622 3470 nonaum
652 3409 729 3472 later
759 3429 797 3472 us
829 3419 855 3472 et
881 3408 1119 3491 prehensionem
1141 3407 1296 3470 literarum
1317 3405 1463 3491 quisqam
1484 3403 1565 3489 quot

330 3507 436 3572 deinde
461 3509 570 3571 racemi
596 3505 709 3572 noiomo
729 3509 897 3594 suppletam
916 3517 959 3571 est
971 3506 1147 3591 factamque
1166 3507 1307 3572 uenando
1329 3526 1426 3589 usquo
1448 3505 1489 3568 ad
1511 3527 1563 3572 ro-
1677 3564 1681 3572 .

329 3608 564 3692 prehensionem
584 3609 742 3674 studiosus
803 3601 897 3682 3,17.
919 3607 1040 3670 troiano
1061 3607 1095 3670 B
1116 3606 1237 3693 (Peter)
1258 3607 1435 3684 trolanoB
1448 3605 1564 3696 (Ioed.)

329 3709 433 3786 3,18.
465 3710 641 3774 indicandis
673 3709 707 3773 B
767 3710 798 3785 3,
820 3707 868 3772 19.
896 3709 951 3770 heo
971 3706 1005 3770 P
1063 3710 1094 3784 3,
1118 3710 1168 3772 20.
1191 3709 1372 3774 domitianis
1393 3710 1427 3774 B
1447 3710 1564 3798 (Iord.)

328 3808 395 3874 BP
424 3807 554 3896 (Peter).
617 3812 647 3886 3,
672 3811 721 3874 24.
752 3810 787 3873 in
817 3809 889 3872 odd.
908 3830 935 3894 p
955 3809 997 3872 ad
1017 3810 1269 3892 gratulationem,
1291 3813 1446 3878 exereitus
1468 3815 1564 3878 missu

187 3919 192 3933 “
329 3911 361 3976 in
389 3909 427 3976 G.
454 3931 555 3993 super.
582 3912 692 3975 transl.
721 3933 746 3976 e.
774 3909 941 3976 emendetit
960 3909 1104 3998 Statinae,
1156 3915 1186 3990 3,
1201 3901 1250 3976 28.
1273 3914 1372 3979 fracto
1394 3914 1427 3978 P
1445 3911 1563 4000 (lora)

328 4015 358 4090 3,
376 4011 426 4079 29.
455 4013 673 4080 nenofioiarnm
698 4014 733 4077 B
759 4013 990 4076 nensfioiarium
1011 4013 1030 4076 l>
1050 4009 1298 4105 uenefioiasffflf
1317 4014 1352 4078 P
1369 4016 1481 4080 emend.
1503 4011 1562 4076 Ce-

328 4113 411 4180 oaab.
474 4116 505 4190 3,
530 4116 581 4178 30.
610 4114 639 4178 ei
656 4125 727 4200 post
747 4124 851 4180 tamen
873 4113 938 4178 tab.
961 4115 994 4179 P
1053 4118 1083 4192 4,
1101 4119 1128 4180 l.
1150 4115 1229 4180 loeus
1250 4126 1415 4202 corruptos.
1437 4112 1562 4178 Catane.

328 4216 449 4282 ooaimit
474 4214 566 4281 Gallo
589 4216 722 4281 faoiente
744 4215 864 4280 inuidia
884 4216 995 4291 deluit,
1016 4215 1144 4282 Salmas.
1166 4238 1260 4300 super
1278 4239 1336 4302 pro
1357 4237 1413 4300 per
1432 4213 1563 4278 scribone

328 4317 375 4381 ita
395 4316 565 4402 aeplioauit,
586 4328 620 4382 aet
640 4327 713 4382 esset
725 4313 833 4382 Gallos
843 4318 1130 4402 snpmpoedaqoqoe.
1157 4317 1282 4383 Peterue
1293 4315 1453 4382 Gruterum
1465 4314 1563 4378 male-

330 4419 470 4482 iauantia
490 4419 645 4485 eoae'eoe'sse
666 4419 819 4482 coneedit.
847 4419 884 4483 de
905 4441 966 4504 qna
986 4439 1019 4481 ee
1039 4420 1103 4502 ipse
1123 4415 1210 4483 Grae.
1232 4419 1289 4481 sio:
1310 4415 1481 4482 temtator
1502 4415 1562 4478 ali-

329 4520 448 4603 quando
468 4531 519 4584 oet.
581 4521 612 4598 4,
626 4523 655 4584 2.
677 4519 857 4602 uirgilianas
876 4541 899 4604 p
960 4519 991 4594 4,
1006 4519 1034 4584 6.
1057 4519 1201 4582 fundauit
1219 4518 1288 4582 BP
1304 4517 1416 4582 emend.
1436 4514 1562 4580 Casani.

329 4621 360 4696 4,
379 4621 409 4684 8.
441 4620 598 4704 sybillinis
625 4620 693 4685 BP
751 4621 847 4697 4,11.
875 4620 1025 4703 priuatim
1044 4640 1105 4704 pro
1130 4620 1238 4684 statim
1259 4619 1339 4682 mire
1359 4619 1560 4684 emendatione

329 4721 448 4809 scripsit
468 4721 558 4788 Petet
577 4733 604 4788 et
623 4723 656 4788 ia
676 4744 769 4789 emero.
790 4723 854 4788 erit.
876 4733 903 4787 et
923 4723 962 4785 in.
975 4719 1109 4786 editione.
1162 4719 1254 4794 4,14.
1276 4712 1312 4784 (1ΐ
1332 4719 1367 4783 Β
1386 4711 1418 4808 (ἶ
1438 4719 1470 4784 ia
1483 4720 1561 4806 ees.)
