3602 5552
660 599 796 668 Spartiani
819 599 876 651 rita
898 599 1037 652 Hadriani.
1432 589 1472 644 45

228 770 348 851 egregia
368 771 452 833 facta
472 767 535 832 eius
556 777 628 832 tunc
649 767 811 843 claruisse,
831 778 863 832 et
883 769 930 832 bis
952 769 1036 832 donis
1058 768 1237 834 militaribus
1251 769 1395 830 donatum
1407 785 1474 830 enm

229 872 332 934 inisse.

310 972 325 1053 §
346 971 376 1034 8.
418 979 531 1056 pacator
544 970 651 1057 sactus
671 980 714 1035 est
734 969 790 1035 cub
812 967 933 1034 Sarrum
954 969 999 1032 tis
1020 981 1047 1035 et
1067 970 1218 1036 ommno
1237 990 1331 1034 conss.
1354 967 1400 1030 bis
1421 987 1474 1049 pru

228 1093 262 1135 eo
285 1074 362 1155 quod
386 1081 433 1134 cst
452 1073 570 1135 derum
592 1074 671 1153 qnod
692 1072 816 1134 uerbum
838 1073 918 1152 apud
942 1072 1071 1135 melioris
1092 1073 1191 1136 aetatis
1212 1071 1373 1152 scriptores
1388 1090 1475 1131 unru-

229 1193 317 1256 qnam
340 1174 377 1236 de
398 1193 433 1236 ao
455 1172 562 1235 dicitur
581 1174 633 1255 qui
655 1173 763 1237 iterum
785 1173 942 1236 consulatu
964 1174 1113 1254 iungetur,
1134 1193 1224 1257 quum
1240 1190 1278 1234 ex
1299 1171 1350 1234 illo
1365 1171 1475 1234 honore

228 1293 372 1338 ennomm
401 1274 589 1362 ,eonrputatio
613 1275 684 1349 fiat,
705 1274 759 1336 sed
780 1282 844 1336 tum
866 1274 977 1349 solum,
998 1293 1088 1357 quum
1109 1274 1295 1356 significatur·
1316 1272 1379 1334 sine
1402 1271 1476 1334 certi

228 1375 372 1457 temporis
405 1374 558 1438 notatione
590 1376 719 1458 aliquem
753 1374 868 1438 duobus
901 1374 1025 1438 diuersis
1057 1376 1145 1438 annis
1177 1394 1244 1437 eum
1267 1373 1476 1454 magistratum

228 1475 365 1556 gessisse.
409 1476 454 1537 his
486 1484 587 1538 autern
619 1475 803 1558 temporibus
840 1475 945 1557 quibus
978 1476 1098 1557 scripsit
1128 1475 1310 1557 Spartianus
1332 1475 1389 1536 hoe
1409 1493 1477 1536 nar·

228 1579 300 1640 bum
332 1577 492 1640 adhibetur
512 1585 545 1638 et
565 1576 684 1659 quidem
707 1577 836 1640 maxime
856 1577 887 1638 in
908 1576 1004 1640 titulis
1026 1575 1226 1660 (Merobaude
1248 1574 1295 1638 bis
1316 1582 1348 1637 et
1368 1574 1477 1638 Satur·

229 1678 298 1741 nino
330 1697 405 1742 coss.
434 1699 462 1760 p.
485 1672 674 1742 01137711
697 1677 784 1741 titulo
807 1698 855 1759 ep.
876 1677 981 1741 Maffei
1002 1679 1080 1741 Mus.
1103 1679 1215 1740 Veron.
1237 1696 1266 1758 p.
1289 1670 1360 1750 357,
1382 1675 1401 1737 5
1422 1677 1476 1740 cir.

228 1779 291 1842 Zell
324 1779 447 1841 Handb.
479 1779 508 1841 d.
536 1780 625 1842 Rem.
650 1779 753 1860 Epigr.
776 1779 809 1842 ΙΙ
831 1797 861 1860 p.
885 1776 970 1860 133).
1013 1778 1149 1840 consoles
1170 1777 1260 1859 igitur
1280 1777 1330 1858 qni
1351 1777 1401 1838 hic
1423 1795 1477 1838 no·

229 1881 381 1944 minantur
402 1879 465 1941 sine
486 1880 604 1944 Surauc
625 1880 688 1942 siue
710 1879 870 1943 Suburano
893 1879 980 1942 alteri
1001 1897 1108 1942 nomeu
1131 1888 1188 1953 cst,
1209 1877 1328 1941 suffecti
1350 1885 1476 1940 eranta.

229 2001 258 2062 p.
285 1981 340 2044 011.
365 1979 422 2043 106
444 1978 505 2065 (eir
527 1980 595 2042 adn.
617 1980 740 2044 Renieri
762 1980 842 2062 apud
863 1981 1008 2060 Borghes.
1030 1980 1139 2046 Oenur.
1162 1979 1264 2060 Epigr.
1286 1980 1317 2041 Π
1339 1999 1367 2060 p.
1391 1977 1477 2062 122).

229 2082 370 2145 ordinarii
402 2089 503 2144 autern
535 2081 624 2144 buius
656 2082 726 2144 anni
759 2081 897 2144 consules
929 2091 1017 2143 erant
1048 2080 1085 2143 L.
1105 2079 1251 2144 ‘Licinius
1274 2081 1354 2144 Sura
1374 2079 1422 2142 111
1443 2079 1477 2143 (l.

229 2183 334 2247 Sosius
367 2182 492 2246 Senecio
524 2183 572 2245 IV
604 2181 725 2266 (Baiter
756 2183 776 2244 l.
808 2181 828 2244 1.
851 2201 880 2262 p.
902 2182 1040 2245 LXXX.
1073 2181 1192 2245 Clinton
1215 2183 1230 2244 I
1251 2202 1279 2262 p.
1301 2181 1351 2245 94.
1384 2180 1478 2244 Orelli

227 2283 334 2368 4412).
368 2303 462 2364 neque
493 2282 571 2345 enirn
603 2303 672 2346 raro
699 2293 730 2345 et
752 2283 830 2363 apud
852 2283 1015 2364 scriptores
1036 2291 1068 2345 et
1089 2283 1119 2344 in
1140 2282 1236 2346 titulis
1262 2282 1478 2363 posterioribus

229 2385 411 2466 temporibus
443 2385 632 2448 suffectorum
664 2383 831 2446 nominibus
859 2392 993 2464 tempora
1014 2383 1246 2465 distinguuntur.
1289 2383 1477 2446 Hadrianum

229 2505 299 2549 uero
331 2487 459 2548 tortasse
493 2505 543 2547 eos
565 2486 652 2547 modo
675 2505 791 2547 menses
814 2493 951 2566 praeturae
973 2505 1034 2548 sure
1055 2486 1124 2548 anni
1146 2485 1251 2547 Rornae
1273 2493 1351 2559 erat,
1373 2485 1479 2567 quibus

230 2587 261 2650 hi
282 2586 417 2650 eonsules
439 2595 540 2660 erant,
563 2605 742 2669 quamquam
766 2586 877 2666 ambigi
898 2593 1014 2666 potest,
1036 2605 1106 2648 num
1126 2584 1245 2648 omnino
1267 2585 1323 2648 hoc
1343 2593 1478 2666 tempore

230 2687 272 2750 ibi
294 2685 399 2762 luerit,
421 2707 511 2769 quum
533 2706 613 2768 saepe
635 2687 727 2748 etiarn
748 2686 770 2748 ii
791 2687 840 2769 qui
863 2686 973 2750 honore
994 2687 1091 2767 aliquo
1114 2686 1326 2766 fungebantur,
1347 2686 1479 2767 impera-

230 2796 312 2850 tores
334 2789 373 2849 ad
395 2787 476 2850 bella
497 2795 694 2870 sequerentur
715 2785 786 2870 (cir.
807 2787 887 2849 infra
909 2787 979 2850 adn.
1002 2806 1098 2850 means
1120 2786 1159 2849 ad
1181 2806 1207 2848 c.
1232 2785 1270 2848 18
1291 2788 1306 2870 d
1331 2783 1375 2872 1).

313 2888 374 2950 iarn
395 2907 465 2951 uero
487 2908 573 2969 quern
594 2890 673 2951 iuter
692 2895 836 2969 pretores
858 2887 1021 2951 obtinuerit
1041 2888 1137 2950 locum
1156 2885 1244 2968 plane
1260 2888 1352 2950 nescii
1366 2907 1478 2954 sumus.

232 2996 320 3052 erant
350 2987 428 3050 eninr
459 2996 533 3050 tnnc
563 2989 593 3051 in
626 2988 749 3051 civitate
776 2988 878 3052 dacem
902 2997 934 3050 et
954 2996 1021 3052 octo
1043 2995 1186 3068 praetores
1208 2987 1258 3070 qui
1279 2988 1326 3050 ins
1348 2988 1480 3052 dicerent

233 3088 432 3174 (Pomponius
463 3088 514 3152 lib.
546 3088 690 3170 singulari
721 3087 843 3152 Euchir.
875 3089 913 3152 L.
946 3089 1065 3172 2532
1085 3089 1125 3150 D.
1148 3089 1185 3150 de
1207 3089 1278 3169 orig.
1301 3089 1355 3153 iur.
1379 3091 1407 3166 1,
1428 3088 1480 3175 2),

232 3209 322 3273 quum
355 3197 445 3252 antea
473 3209 613 3253 numerus
634 3209 714 3270 saepe
736 3197 869 3252 mutatus
892 3199 981 3253 esset.
1024 3208 1152 3271 namque
1172 3190 1228 3252 Iul.
1251 3189 1381 3254 Oaeseris
1403 3200 1479 3255 tern-

232 3311 304 3374 pore
325 3300 467 3372 praetores
488 3299 573 3354 erant
594 3292 681 3353 modo
703 3290 805 3352 decern
827 3288 934 3376 (Dioni
956 3291 1041 3354 Gaas.
1063 3291 1176 3354 XLII
1196 3290 1479 3358 etblcontraanc-

232 3392 386 3457 toritatem
407 3393 476 3474 Dig.
500 3393 518 3454 l.
540 3393 560 3455 l.
583 3412 641 3454 non
664 3391 842 3454 credendum
865 3389 928 3477 est)
950 3392 1037 3456 modo
1059 3392 1282 3474 quatuordecim
1302 3392 1376 3478 (Dio
1392 3394 1478 3460 Gaas.

144 3575 147 3588 Ὺ
231 3494 341 3558 XLIII
361 3487 432 3577 47),
454 3493 542 3556 modo
563 3493 692 3556 sedecim
715 3491 790 3578 (Dio
812 3492 898 3556 (lass.
914 3494 1038 3568 XLIII,
1053 3485 1181 3578 49‚bl).
1204 3493 1310 3555 deinde
1321 3495 1479 3576 Augustus

232 3594 390 3658 constituit
414 3595 509 3676 primo
535 3595 639 3657 decem
661 3592 736 3680 (Dio
758 3593 845 3656 Cass.
867 3595 943 3657 LIII
965 3596 1005 3657 32
1027 3587 1069 3670 ὥς
1090 3589 1184 3659 οὐδὲν
1194 3592 1240 3657 ἔτι
1250 3592 1409 3660 πλειόνων
1423 3593 1479 3660 ds·

232 3695 344 3778 όμενος
364 3694 408 3779 (a.
432 3695 487 3760 oh.
510 3695 585 3779 21).
598 3743 605 3758 .
618 3741 646 3760 ..
669 3698 724 3757 καὶ
744 3715 835 3759 τουτο
856 3693 910 3758 ἐπὶ
932 3693 1032 3758 πλείω
1052 3693 1104 3781 ἔτη
1125 3691 1282 3785 ἐγένετο),
1305 3697 1412 3760 deinde
1428 3719 1478 3762 se-

233 3799 326 3860 deeIm
350 3796 424 3884 (Dio
446 3797 534 3860 Coss.
555 3798 630 3860 LVI
651 3796 700 3860 25.
728 3798 798 3878 Dig.
820 3798 839 3860 l.
861 3797 881 3860 l.
903 3817 934 3878 p.
957 3797 1012 3861 ch.
1035 3797 1106 3883 ll);
1131 3799 1324 3880 sequentibus
1339 3798 1479 3880 deinceps

233 3898 333 3962 multis
366 3897 452 3960 annis
483 3898 638 3961 duodecim
661 3906 778 3961 tuntum
801 3899 931 3960 inerunt.
975 3899 1054 3980 quod
1075 3898 1213 3963 Tiberius
1235 3899 1369 3962 seruauit
1390 3898 1478 3984 (Tac.

231 3999 314 4063 Anu.
346 4000 362 4060 I
403 3995 470 4082 14),
503 4017 682 4081 quamquam
715 4000 754 4061 ab
787 4017 821 4060 eo
853 3999 944 4061 etiam
977 4008 1064 4062 extra
1085 4001 1218 4063 ordinem
1240 4009 1378 4081 praeturae
1399 4002 1479 4063 datae

232 4110 318 4176 sunt,
341 4099 419 4180 qnod
441 4118 460 4160 a
480 4119 509 4179 p.
531 4098 586 4162 ch.
612 4098 649 4161 Id
670 4099 706 4160 iis
727 4097 853 4161 Libonis
876 4100 1102 4164 accusatoribus
1124 4101 1250 4182 contigit
1270 4102 1319 4182 qui
1334 4101 1479 4164 senatorii
1502 4163 1506 4174 ,

233 4209 320 4266 erant
344 4198 455 4262 ordinis
477 4199 513 4282 (l.
536 4199 607 4261 1.11
636 4195 701 4284 32).
744 4217 822 4261 anno
843 4219 872 4280 p.
894 4199 950 4262 ch.
973 4201 1013 4263 33
1035 4201 1203 4284 quindecim
1226 4209 1313 4264 erant
1338 4210 1480 4283 pretores

233 4303 308 4388 (Dio
340 4301 426 4364 Oass.
458 4301 567 4362 LVIII
598 4299 665 4384 20).
709 4307 740 4362 et
772 4299 822 4363 diu
854 4299 885 4361 id
906 4309 1058 4366 servatum
1079 4310 1139 4376 est,
1161 4303 1205 4366 ita
1226 4310 1327 4364 tamen
1350 4311 1383 4365 ut
1405 4323 1480 4366 nen-

234 4421 396 4485 nnmquam
428 4402 489 4464 lieri
522 4410 627 4481 posset
664 4409 698 4463 ut
728 4420 787 4464 uno
819 4401 975 4483 pauciores
1007 4405 1055 4466 uel
1077 4403 1176 4484 plures
1204 4404 1317 4465 tierent.
1359 4403 1428 4467 inde
1461 4426 1480 4468 a

235 4504 360 4568 Claudio
392 4502 595 4582 duodeuiginti
622 4502 716 4564 fuisse
744 4511 870 4584 apparet
895 4504 1031 4584 exceptis
1063 4503 1246 4583 temporibus
1267 4506 1342 4586 Imp.
1365 4505 1428 4569 Titi
1449 4516 1481 4570 et

234 4603 399 4674 Domitiani
432 4604 480 4686 qui
512 4622 602 4665 unum
634 4604 817 4678 detraxerat,
839 4623 926 4685 quens
948 4605 1049 4668 Nerua
1070 4622 1172 4666 rursus
1194 4603 1304 4668 adiecit
1325 4609 1379 4672 cfr.
1402 4608 1481 4671 infra

235 4707 319 4792 (urg.
341 4706 360 4769 1.
382 4701 429 4790 r).
