3602 5552
659 504 796 575 Spartiani
818 505 875 558 vita
896 505 1037 560 Hadriani.
1436 511 1472 566 13

243 699 317 749 suae
347 671 520 746 inhabiles
553 669 759 743 uidebantur
785 668 912 742 ditatos
938 670 1192 769 honoratosque
1218 697 1238 744 a
1263 615 1475 770 professione

244 779 430 974 dlmlsdqiios
461 875 497 946 in
529 873 665 970 priuata
690 871 762 944 uita
788 872 946 945 inimicos
972 873 1095 946 habuit
1119 874 1308 972 imperator
1333 889 1470 950 tantum
1483 878 1520 956 17

242 977 402 1075 neglexit,
429 977 477 1049 ita
502 988 542 1045 ut
567 974 627 1045 uni
653 999 758 1070 quem
783 973 966 1071 capitalem
993 975 1161 1048 habuerat
1186 978 1296 1049 factus
1322 978 1473 1077 impera-

208 1093 298 1168 5tor
329 1080 458 1152 diceret
482 1073 653 1148 'euasisti’
704 1076 759 1146 his
785 1101 872 1172 quos
899 1078 943 1149 ad
969 1076 1130 1150 militiam
1155 1077 1230 1175 ipse
1255 1104 1318 1175 per
1343 1105 1381 1152 se
1407 1089 1510 1153 uo-2

243 1181 349 1263 cauit,
402 1203 509 1277 equos
555 1177 669 1249 mulos
714 1191 828 1249 uestes
872 1192 1032 1275 sumptus
1065 1192 1101 1251 et
1137 1205 1276 1252 omnem
1313 1195 1473 1255 ornatum

244 1307 380 1378 semper
411 1279 578 1352 exhibuit.
630 1280 849 1351 saturnalicia
880 1294 915 1352 et
940 1279 1135 1376 sigillaricia
1161 1281 1359 1377 frequenter
1385 1283 1510 1358 ami-3

243 1383 291 1456 cis
316 1380 573 1479 inopinantibus
600 1380 695 1452 misit
720 1393 755 1452 et
780 1382 855 1477 ipse
881 1381 925 1453 ab
951 1381 1006 1453 his
1031 1382 1178 1454 libenter
1203 1383 1337 1479 accepit
1354 1385 1473 1457 etalio

243 1485 393 1557 inuicem
418 1482 523 1555 dedit.
565 1482 610 1553 ad
635 1483 945 1579 deprehendendas
963 1484 1207 1556 obsonatorum
1225 1483 1373 1567 fraudes,
1391 1512 1471 1558 eum
1489 1495 1511 1561 4

196 1618 228 1670 10
245 1586 403 1684 plurimis
436 1583 640 1681 sigmatibus
671 1597 841 1682 pasceret,
873 1585 1002 1658 fercula
1034 1586 1079 1657 de
1110 1584 1186 1656 aliis
1213 1585 1341 1659 mensis
1368 1587 1473 1659 etiam

245 1687 376 1760 ultimis
402 1685 596 1783 quibusque
621 1685 721 1757 iussit
745 1685 883 1782 adponi.
924 1711 1043 1758 omnes
1069 1711 1166 1782 reges
1184 1687 1384 1760 muneribus
1402 1689 1510 1762 suist

245 1780 340 1861 uicit.¹
377 1787 513 1884 publice
539 1787 737 1882 frequenter
763 1783 798 1859 e't
823 1813 903 1860 eum
928 1787 1090 1860 omnibus
1116 1786 1210 1858 lauit.
1251 1814 1294 1860 ex
1320 1814 1389 1887 quo
1415 1790 1510 1864 illeb

243 1891 338 1962 iocus
363 1886 533 1961 balnearis
559 1886 717 1961 innotuit.
764 1914 845 1961 nam
871 1915 951 1962 eum
977 1888 1129 1986 quodam
1154 1901 1311 1987 tempore
1337 1903 1471 1964 uetera·

243 2018 328 2064 num
354 1991 529 2088 quendam
555 2004 678 2063 notum
704 1991 770 2064 sibi
796 1992 831 2062 in
857 1990 990 2072 militia,
1012 1992 1154 2062 dorsum
1172 2003 1207 2062 et
1224 2004 1375 2066 ceteram
1391 2019 1471 2091 par·

197 2119 229 2170 15
247 2107 319 2166 tem
351 2091 501 2188 corporis
528 2091 673 2165 uidisset
698 2094 863 2174 adterere,
890 2105 1112 2190 percontatus
1139 2117 1261 2165 curse
1289 2095 1472 2168 marmori·

246 2195 311 2268 bus
338 2193 621 2290 destringendum
646 2194 760 2277 daret,
792 2193 853 2266 ubi
879 2194 1011 2266 audiuit
1037 2194 1102 2265 hoe
1128 2192 1255 2266 idcirco
1280 2195 1355 2267 fieri
1382 2197 1476 2294 quod

247 2323 387 2369 seruum
426 2321 497 2367 non
536 2295 691 2378 haberet,
731 2309 766 2368 et
797 2297 906 2368 seruis
933 2322 1014 2368 eum
1039 2294 1183 2368 donauit
1209 2310 1244 2368 et
1269 2299 1475 2395 sumptibus.

248 2423 371 2470 uerum
398 2396 465 2469 alia
496 2395 553 2469 die
585 2423 666 2469 eum
698 2399 814 2494 plures
847 2423 946 2470 senes
971 2397 1016 2469 ad
1043 2398 1300 2495 prouocandam
1324 2399 1514 2474 liberali-7

248 2513 358 2572 tatem
396 2498 561 2595 principis
593 2498 718 2596 parieti
749 2525 786 2571 se
820 2500 1028 2579 adtererent,
1055 2498 1190 2570 euocari
1224 2524 1283 2571 eos
1316 2499 1417 2572 iussit
1442 2514 1478 2572 et

200 2629 233 2684 20
250 2600 356 2672 alium
382 2600 425 2672 ab
451 2600 518 2672 alio
544 2600 694 2672 inuicem
720 2600 887 2673 defricari.
924 2600 991 2672 fuit
1016 2613 1051 2671 et
1077 2598 1188 2694 plebis
1210 2599 1514 2676 iactantissimus8

249 2715 390 2774 amator.
417 2701 698 2798 peregrinationis
724 2702 773 2773 ita
798 2703 944 2799 cupidus
969 2714 1009 2772 ut
1034 2700 1150 2772 omnia
1176 2724 1255 2796 quae
1279 2701 1408 2797 legerat
1434 2702 1477 2774 de

249 2803 333 2876 locis
359 2802 451 2873 orbis
478 2815 647 2874 terrarum
672 2827 826 2898 praesens
844 2803 949 2875 uellet
966 2801 1153 2874 addiscere.
1194 2800 1317 2897 frigora
1336 2815 1371 2874 et
1387 2815 1477 2874 tem-
1493 2809 1514 2876 9

250 2915 402 3001 pestates
438 2903 487 2974 ita
525 2903 695 3000 patienter
721 2904 801 2975 tulit
826 2916 866 2974 ut
891 2928 1082 2999 numquam
1108 2913 1212 2997 caput
1238 2903 1371 2974 texerit.
1421 2930 1478 2990 re·
1495 2881 1571 2979 10¹

250 3005 350 3102 gibus
388 3003 507 3075 multis
543 3003 734 3101 plurimum
767 3003 905 3084 detulit,
931 3029 952 3074 a
977 3002 1150 3100 plerisque
1177 3027 1259 3075 uero
1285 3004 1391 3076 etiam
1416 3029 1479 3102 pa-

202 3130 236 3184 25
253 3129 330 3176 cem
367 3103 530 3184 redemit,
570 3130 591 3176 a
629 3104 802 3177 nonnullis
838 3116 1058 3200 contemptus
1091 3117 1157 3184 est,
1186 3105 1303 3178 multis
1329 3105 1480 3203 ingentia

253 3205 350 3278 dedit
375 3230 527 3288 munera,
555 3206 617 3278 sed
642 3206 729 3279 nulli
757 3206 886 3278 maiora
912 3231 1017 3302 quam
1043 3204 1266 3298 Hiberum
1284 3207 1339 3280 cui
1358 3222 1393 3281 et
1410 3209 1480 3281 ele-

254 3308 425 3406 phantum
451 3319 487 3378 et
512 3306 771 3406 quingenariam
796 3308 974 3379 cohortem
1001 3320 1080 3403 post
1106 3307 1286 3404 magnifica
1303 3310 1401 3381 dedit
1418 3310 1481 3382 do-

253 3433 307 3480 na.
354 3433 435 3480 oum
470 3433 491 3480 a
523 3408 733 3482 Farasmane
759 3409 834 3507 ipse
860 3434 998 3506 quoque
1029 3408 1181 3505 ingentia
1209 3409 1326 3481 munia
1354 3409 1479 3510 [dono]
1499 3419 1542 3485 11

186 3517 192 3544 ¹
255 3509 444 3606 accepisset
483 3522 587 3608 atque
620 3511 710 3582 inter
735 3510 812 3582 haec
837 3523 973 3582 auratas
999 3535 1138 3607 quoque
1174 3510 1385 3607 chlamydes
1414 3525 1485 3584 tre-

204 3645 238 3700 30
255 3624 373 3684 centos
396 3611 516 3684 noxios
542 3639 621 3685 cum
647 3613 774 3685 auratis
800 3611 1042 3708 chlamydibus
1068 3612 1104 3682 in
1130 3613 1295 3683 harenam
1322 3613 1417 3686 misit
1437 3614 1481 3686 ad

255 3713 328 3786 eius
354 3738 497 3785 munera
523 3715 720 3786 deridenda.

355 3838 433 3886 cum
471 3814 639 3910 iudicaret
674 3815 709 3885 in
746 3813 886 3902 oqnsilio
919 3812 1041 3884 habuit
1066 3839 1136 3884 non
1161 3813 1290 3886 amieos
1316 3841 1396 3888 suos
1422 3827 1482 3886 aut
1496 3817 1556 3893 182
1598 3857 1623 3894 ιο

255 3914 400 3988 comites
439 3915 568 3996 solum,
605 3914 667 3988 sed
698 3913 781 3985 iuris
813 3913 987 3985 consultos
1020 3927 1055 3986 et
1080 3914 1255 4012 praecipue
1281 3914 1482 3988 quentium
1558 3921 1570 4012 1.’

257 4016 409 4095 Celsum,
437 4015 594 4088 Saluium
619 4014 801 4094 Iulianum,
828 4013 1011 4086 Neratium
1040 4014 1198 4088 Priscum
1216 4017 1378 4113 aliosque,
1397 4042 1484 4113 quos
1555 4032 1560 4116 ζ

206 4145 240 4196 35
257 4132 375 4190 tamen
401 4129 540 4189 senatus
566 4116 678 4188 omnis
704 4115 893 4212 probasset.
932 4116 1110 4189 constituit
1135 4118 1225 4190 inter
1252 4135 1365 4189 cetera
1392 4131 1430 4189 ut
1448 4119 1521 4192 in2
1556 4117 1561 4140 ⁸

257 4219 350 4291 nulla
387 4218 525 4290 ciuitate
565 4218 687 4290 domus
727 4216 852 4313 aliquae
890 4217 1136 4291 transferendae
1160 4219 1205 4291 ad
1231 4217 1334 4289 aliam
1361 4219 1483 4292 urbem

258 4320 361 4393 ullius
386 4319 541 4392 materiae
566 4343 668 4390 causa
694 4317 920 4389 diruerentur.
957 4318 1073 4390 liberis
1098 4319 1368 4416 proscriptorum
1394 4321 1518 4395 duo-3

260 4420 411 4495 decimas
447 4420 616 4492 bonorum
653 4419 828 4491 concessit.
881 4419 1070 4514 maiestatis
1101 4419 1244 4518 crimina
1275 4445 1342 4492 non
1369 4422 1520 4496 admi-4

261 4522 315 4595 sit.
367 4524 562 4620 ignotorum
598 4520 805 4592 hereditates
837 4520 1032 4616 repudiauit
1057 4543 1119 4591 nec
1145 4515 1304 4593 notorum
1331 4524 1518 4622 accepit,5
1545 4539 1554 4621 t

212 4651 246 4704 40
263 4624 292 4696 si
325 4625 414 4696 filios
446 4622 623 4694 haberent.
675 4622 718 4693 de
750 4621 921 4692 thesauris
949 4622 999 4693 ita
1030 4620 1136 4702 cauit,
1163 4634 1202 4692 ut
1227 4622 1334 4719 siquis
1359 4624 1395 4696 in
1421 4633 1520 4698 suob
1547 4642 1551 4652 ‘

263 4725 459 4822 reperisset,
485 4723 561 4822 ipse
586 4722 764 4822 potiretur,
791 4722 899 4818 siquis
924 4722 961 4794 in
986 4719 1107 4804 alieno,
1134 4721 1317 4796 dimidium
1343 4726 1483 4799 domino
