3602 5552
663 496 800 565 Spartiuni
823 495 880 548 rita
902 493 1041 548 Hadriani.
1436 496 1474 550 4⁷

313 669 475 741 Claudius,
506 685 595 748 quum
627 673 770 748 pretores
800 664 897 728 aerarii
929 663 1121 745 abrogasset,
1143 665 1218 728 duos
1240 663 1409 740 coustituit,
1431 667 1480 748 qui

231 771 268 832 de
290 768 527 832 fideicommissis
548 768 593 829 155
615 767 749 828 dicerent
770 764 855 850 (Dig.
878 765 897 828 1.
920 765 939 826 l.
963 767 1016 828 515.
1038 765 1124 829 Suet.
1147 766 1254 829 Claud.
1269 765 1336 850 23),
1352 785 1390 828 ex
1412 767 1479 848 qni-

230 871 287 933 bus
310 871 438 932 alterum
467 868 598 931 detraxit
618 868 720 942 Titus,
749 867 827 928 altor
848 866 1021 947 permansit.
1045 866 1116 930 Gai.
1137 867 1170 930 11
1192 868 1207 949 i
1228 864 1290 930 278
1311 867 1356 929 ed.
1378 867 1481 930 Lach-

230 991 321 1034 mann
344 991 372 1052 5.
394 970 603 1050 2021115155.
626 969 641 1050 §
665 969 703 1030 12
724 968 774 1030 tit.
796 968 833 1029 de
855 967 951 1030 fidele.
975 967 1016 1028 25
1039 968 1086 1030 ed.
1107 969 1196 1048 Hugo
1218 965 1479 1032 innectunt.

232 1073 269 1135 L.
291 1090 322 1152 p.
344 1069 713 1149 84-85·fiu0tcommtsso
736 1087 803 1130 eum
825 1077 924 1130 uocat.
946 1069 975 1130 in
997 1068 1093 1130 titulis
1109 1069 1281 1150 5555115555
1291 1087 1336 1150 55.
1348 1069 1385 1130 de
1396 1069 1482 1132 fidei-

230 1171 396 1234 commissis
429 1170 542 1255 (Orelli
568 1166 680 1254 3135),
702 1169 993 1232 0651555515555155
1016 1167 1156 1253 (Η55555
1179 1169 1270 1232 6451.
1293 1166 1405 1254 6452),
1426 1187 1480 1232 sn-

225 1293 407 1356 premorum
429 1273 474 1359 (in
496 1271 584 1334 titulo
605 1271 750 1333 Nemausi
773 1276 893 1351 reperto
914 1270 949 1332 0.
972 1269 1127 1332 cuiusdam
1148 1269 1271 1332 Aemilii
1287 1271 1336 1352 qui
1351 1272 1390 1333 ab
1405 1272 1480 1354 Imp.

230 1373 383 1436 Antonino
415 1373 493 1436 iuter
523 1371 694 1436 tribunitios
726 1370 861 1434 adlectus
892 1373 990 1434 luerat
1015 1372 1141 1433 Hermen
1162 1368 1269 1456 6454).
1313 1391 1407 1453 neque
1429 1381 1480 1434 ta·

230 1494 296 1538 uren
329 1474 425 1537 omnis
458 1475 495 1535 de
526 1472 763 1536 fideicommissis
794 1471 923 1552 cognitio
955 1470 1044 1533 huius
1071 1480 1151 1546 erat,
1172 1472 1226 1536 sed
1249 1481 1336 1534 erant
1355 1492 1480 1536 summa

229 1575 370 1657 praetoria
391 1574 558 1656 cognitione
582 1573 723 1648 maiores,
745 1593 817 1655 555
832 1573 912 1654 apud
935 1573 1073 1634 consules
1094 1574 1156 1654 peti
1172 1572 1323 1636 debebant
1337 1571 1480 1652 (Quintil.

229 1679 305 1739 Inst.
337 1677 385 1738 111
423 1675 453 1750 6,
485 1669 526 1738 ’10
558 1676 611 1737 515.
639 1673 709 1737 Gai.
736 1681 776 1736 55.
798 1673 922 1755 leiun.
945 1674 1001 1736 loo.
1023 1670 1131 1758 laud).
1174 1674 1286 1738 5555515
1306 1683 1412 1755 555555
1434 1675 1481 1737 515

230 1776 371 1863 (leiuu.
394 1777 413 1840 l.
435 1775 456 1840 8
477 1778 513 1839 de
535 1775 644 1838 omnib.
665 1775 808 1838 tribunal.
829 1774 866 1838 L.
887 1773 909 1836 8
929 1775 977 1836 De
998 1781 1089 1837 55555.
1113 1783 1144 1836 55
1165 1783 1260 1838 55555.
1282 1773 1339 1849 26,
1360 1774 1406 1859 5).

313 1885 425 1960 555555
456 1896 544 1960 quem
575 1877 656 1939 Nero
691 1895 719 1940 5.
751 1895 781 1958 p.
803 1873 1285 1957 (15.585515555555551155555
1307 1875 1483 1955 1555555555

188 2009 196 2013 ·
231 1978 364 2042 ordinem
386 1979 508 2041 reddere
529 1977 630 2052 iussit,
651 1985 750 2039 utrum
772 1977 904 2038 urbanus
925 1976 1028 2050 fuerit,
1051 1995 1089 2038 an
1110 1975 1198 2051 alius,
1220 1976 1376 2040 nescimus.

315 2099 407 2142 uuum
440 2099 561 2142 numero
594 2088 755 2160 pratorum
776 2076 1483 2160 Ν5555551155155511555555555]5555155-

232 2189 281 2244 tos
302 2180 349 2244 ius
369 2181 483 2244 diceret
504 2178 588 2264 (Dig.
613 2180 641 2254 l,
662 2181 692 2254 2,
713 2176 785 2263 32),
808 2178 844 2240 de
865 2197 923 2260 quo
945 2178 1018 2240 nihil
1033 2178 1163 2260 amplius
1177 2186 1312 2252 constat,
1334 2179 1391 2241 5151
1405 2187 1484 2242 recte

233 2281 420 2344 cont-endunt
440 2281 490 2364 qui
511 2282 591 2344 hune
612 2280 739 2342 eundem
761 2298 828 2341 5555
848 2287 971 2360 putent,
994 2279 1094 2360 quiin
1118 2279 1214 2342 titulis
1237 2280 1408 2344 nominatur
1428 2280 1484 2344 55-

233 2383 346 2445 55551555
366 2382 415 2445 551
437 2382 478 2444 ad
499 2381 601 2444 555555
622 2380 733 2468 (Orelli
754 2374 846 2442 2319.
869 2379 902 2442 O.
925 2379 1104 2454 Goerellius,
1127 2381 1176 2461 qui
1197 2381 1298 2444 floruit
1313 2380 1484 2444 Antonino-

234 2500 297 2546 rum
330 2482 522 2564 temporibus.
565 2484 688 2544 Heuzen
720 2479 803 2546 6453
837 2481 1008 2562 Torquatus
1030 2480 1154 2543 Atticus
1176 2479 1229 2565 (de
1251 2501 1308 2563 qno
1331 2483 1382 2544 515.
1404 2483 1482 2545 Ρ115.

233 2565 273 2648 H.
305 2584 346 2646 N.
378 2585 459 2647 XIV
490 2583 541 2658 28,
562 2580 608 2666 5).
652 2583 701 2665 qui
722 2581 831 2644 titulus
853 2590 954 2645 tamen
977 2590 1135 2663 suspectus
1157 2592 1205 2646 est
1227 2584 1281 2644 515.
1302 2583 1427 2646 1155555
1452 2603 1482 2664 p.

234 2683 305 2748 510.
347 2686 471 2747 Η55555
503 2683 586 2748 6500
607 2681 645 2753 Q.
667 2683 782 2747 Lollius
804 2682 951 2758 Urbicus,
973 2682 1022 2764 qui
1044 2682 1208 2745 Britannos
1230 2682 1304 2744 uicit
1324 2682 1405 2746 51555
1427 2703 1484 2745 55-

235 2805 303 2847 num
325 2805 356 2866 p.
378 2785 433 2848 ch.
458 2785 516 2848 143
538 2783 670 2869 (11515551
691 2785 731 2847 D.
752 2785 791 2846 N.
813 2784 877 2845 VII
897 2804 927 2865 p.
952 2782 1015 2865 14).
1534 2781 1538 2796 '

317 2885 348 2947 51
380 2885 472 2966 igitur
492 2894 563 2947 sunt
583 2885 604 2946 ii
625 2894 768 2966 praetores
789 2884 841 2965 qui
863 2903 942 2946 5555
964 2903 994 2964 p.
1017 2883 1073 2946 (lh.
1098 2880 1168 2955 106,
1190 2901 1247 2964 555
1270 2901 1348 2945 5555
1370 2883 1484 2946 Hadri-

235 3004 309 3048 anus
331 3005 365 3047 55
384 3004 508 3048 munero
530 2987 649 3048 functus
669 2993 728 3059 est,
750 2987 946 3047 1555555555
968 2993 1048 3046 certe
1064 3003 1131 3046 5555
1145 2991 1314 3065 555555555.
1347 2995 1486 3067 superest

235 3085 382 3149 55551555
402 3087 439 3148 de
460 3085 497 3147 iis
519 3086 569 3167 qui
590 3093 697 3167 555555
718 3085 849 3147 instituti
869 3085 931 3147 sint
956 3103 1054 3165 55555
1075 3084 1182 3146 dicum.

239 3217 242 3222 ·
317 3207 354 3250 55
385 3187 511 3268 primum
545 3186 638 3250 151155
666 3185 853 3266 Capitolinus
881 3187 918 3246 de
939 3187 982 3247 M.
1005 3185 1160 3248 Antonino
1183 3185 1332 3248 memoria
1352 3185 1485 3267 prodidit

235 3285 278 3372 (5.
304 3287 357 3372 10)
379 3307 445 3350 eum
468 3295 627 3369 pretorem
648 3287 808 3350 tutelarem
831 3286 958 3368 primum
981 3285 1104 3362 fecisse,
1126 3305 1215 3367 quum
1238 3293 1309 3348 5555
1331 3295 1487 3350 55555555

235 3388 406 3452 5555511555
439 3396 641 3470 poscerentur.
684 3407 774 3470 quum
807 3387 885 3450 enim
918 3386 1085 3468 antiquitus
1116 3395 1232 3450 tutores
1264 3407 1285 3449 5
1305 3388 1485 3470 5555551555

235 3490 357 3553 urbanis
379 3498 562 3572 5555555555,
584 3489 729 3553 Claudius
750 3488 852 3575 (Suet.
874 3510 900 3552 5.
922 3487 979 3572 23)
1001 3488 1105 3551 sanxit
1131 3497 1166 3550 55
1186 3488 1307 3570 pupillis
1322 3496 1409 3552 extra
1434 3509 1484 3550 or·

235 3591 335 3654 dinem
356 3599 471 3656 tutores
493 3613 512 3654 5
534 3591 703 3655 consulibus
725 3591 877 3653 darentur.
919 3591 963 3652 M.
986 3597 1088 3652 autem
1109 3589 1281 3652 Antoninus
1302 3589 1483 3651 ordinarium

236 3691 444 3772 magistratum
467 3694 506 3757 ad
534 3713 585 3756 eos
607 3692 724 3756 dandos
744 3691 886 3754 institnit.
928 3690 959 3752 51
980 3690 1167 3754 uocabantur
1187 3689 1326 3754 55515555
1348 3690 1484 3776 (Fragm.

236 3792 337 3856 Vatio.
360 3793 374 3875 §
396 3792 472 3877 244)
494 3795 542 3858 551
565 3794 642 3876 quod
664 3813 781 3875 semper
801 3812 857 3855 usu
877 3790 961 3854 uenit
981 3791 1012 3853 in
1033 3791 1131 3855 titulis
1152 3790 1204 3853 551
1223 3798 1319 3853 totum
1335 3791 1485 3872 55555515-

235 3901 300 3957 turn
322 3902 368 3956 est
389 3895 512 3958 uerbum
534 3893 666 3958 55515511
686 3892 796 3978 (055111
818 3892 910 3955 3134.
935 3891 1026 3954 3151.
1038 3886 1129 3955 3672.
1144 3893 1270 3954 Η55555
1282 3888 1390 3976 6503).
1413 3911 1485 3971 eng·

237 3995 311 4056 nitio
342 4013 412 4058 5555
445 4013 545 4058 eorum
578 4003 609 4057 et
629 3993 793 4057 iurisdictio
818 3990 955 4055 55551555
977 3989 1067 4075 ((155.
1089 3992 1203 4055 Theod.
1225 3993 1287 4066 III,
1310 3986 1359 4067 l'l,
1380 3989 1417 4076 3)
1439 3993 1486 4054 551

237 4103 271 4158 55
301 4095 332 4158 15
363 4093 522 4158 notissimo
556 4090 1354 4178 5155150555555115551(Η555556485)5551115555.
1397 4101 1487 4156 etex

237 4196 294 4260 hoc
313 4195 402 4258 titulo
424 4195 564 4260 docemur
584 4195 711 4278 primum
733 4194 795 4256 eius
810 4191 987 4274 cognitionis
1001 4202 1157 4275 pretorem
1173 4194 1265 4256 luisse
1279 4192 1403 4255 Arrium
1416 4192 1485 4255 An-

236 4296 372 4360 toninum
404 4315 490 4377 quem
523 4316 551 4360 5.
583 4317 613 4378 5.
644 4295 700 4359 05.
734 4293 794 4358 162
830 4292 999 4356 institutum
1032 4294 1124 4358 luisse
1155 4293 1298 4376 55555515
1328 4293 1485 4375 Zumptius

237 4396 420 4484 (05555555.
452 4397 545 4478 epigr.
576 4399 609 4460 Π
639 4416 669 4479 5.
701 4394 767 4481 60).
810 4395 867 4458 555
890 4413 962 4458 uero
983 4415 1089 4460 munus
1110 4395 1201 4456 etium
1224 4393 1485 4476 Constantinopoli

237 4497 417 4580 permansit,
450 4517 539 4580 quum
565 4517 603 4562 ex
628 4497 766 4562 omuibus
797 4495 929 4578 illisqui
949 4498 1053 4560 Roma
1074 4495 1201 4558 fuissent
1221 4494 1401 4575 praetoribus
1427 4495 1485 4560 duo

237 4606 356 4664 tautum
388 4598 604 4663 constantinus
635 4617 721 4663 nouae
749 4616 813 4662 555
834 4597 901 4660 urbi
921 4597 1103 4678 impertiret,
1124 4595 1274 4658 urbanum
1295 4595 1362 4660 dico
1383 4605 1415 4660 et
1435 4606 1486 4662 tu·

238 4700 364 4766 55155555
395 4698 446 4786 (G.
478 4700 593 4766 Theod.
611 4701 662 4764 111
690 4695 739 4764 tt.
761 4700 791 4764 t
811 4699 856 4761 15.
877 4698 969 4762 1555.
990 4697 1067 4780 Lyd.
1090 4696 1128 4760 de
1148 4715 1227 4780 mag.
1249 4697 1281 4762 11
1301 4695 1486 4784 3055555115
