3602 5552
312 477 352 532 86
789 483 878 538 Julius
900 483 1072 537 Centerwall

312 657 399 712 erant
430 653 549 714 omniuo
581 653 702 734 triginta
735 654 876 734 legiones,
908 673 997 735 quum
1025 653 1084 716 duo
1111 654 1156 716 uel
1184 655 1281 735 plures
1309 655 1411 716 eodem
1439 673 1562 716 numero

312 751 439 830 insignes
471 755 693 834 cognominibus
725 757 960 817 discernerentur
988 762 1019 816 et
1050 755 1137 816 nullae
1164 765 1265 818 essent
1292 777 1311 818 a
1339 775 1419 818 num.
1447 755 1561 818 XXIII

312 872 402 932 usque
427 853 466 914 ad
488 855 603 917 XXIX
635 853 706 940 (olr.
732 857 768 918 de
797 856 960 936 legionibus
991 857 1168 936 Marquardt
1193 857 1239 917 III
1267 859 1286 918 2
1313 876 1343 936 p.
1365 855 1427 918 350
1447 876 1510 937 sqq.
1531 867 1562 918 et

311 952 456 1032 Borghesi
478 953 610 1018 Oenvres
631 957 793 1039 Epigraph.
815 959 846 1019 II
868 979 896 1038 p.
915 959 1048 1038 ll2sqq.
1070 964 1100 1017 et
1121 957 1161 1018 ihi
1184 956 1395 1020 adnotationes
1416 957 1561 1020 Hennenii

311 1052 434 1116 Renieri
456 1056 609 1131 thneri‚
630 1057 792 1121 Cauedonii
814 1057 914 1122 Rossii
935 1058 1151 1142 Mommsenii).

827 1353 917 1455 cap.
939 1352 1036 1433 arr.

390 1565 414 1645 ξ.
440 1567 466 1630 l.
489 1565 581 1628 habet
602 1566 649 1627 hic
671 1567 736 1628 ood.
758 1565 986 1646 Bambergensis
1000 1573 1181 1628 cmoconnas
1195 1572 1227 1625 et
1241 1563 1300 1626 levi
1316 1562 1483 1624 mutatione
1498 1562 1561 1623 Pa-

309 1665 419 1728 latinus
440 1674 626 1728 cctnourmos.
669 1668 746 1746 quod
773 1667 894 1728 uerbum
924 1667 992 1747 quid
1022 1667 1203 1746 sIgnitioaret
1228 1684 1317 1745 quum
1341 1663 1361 1725 ii
1384 1663 1433 1743 qui
1455 1671 1562 1743 postea

308 1766 526 1846 descripserunt
551 1766 715 1842 resonent,
747 1767 777 1829 in
806 1765 948 1830 Vaticano
969 1767 1121 1830 inuenitur
1152 1774 1352 1846 cotuoopmoo,
1375 1765 1405 1824 iu
1433 1763 1561 1825 editione

308 1866 439 1946 principe
471 1865 688 1928 Mediolanensi
720 1868 913 1932 catonianos.
966 1877 997 1930 et
1028 1867 1114 1931 ualde
1136 1875 1240 1948 postea
1267 1865 1455 1928 doctissimos
1480 1863 1560 1926 uiros

308 1968 358 2030 hio¹
390 1968 470 2030 locus
502 1967 662 2042 ornoiauit,
695 1977 729 2031 ut
759 1969 881 2030 libidine
914 1968 1089 2031 coniiciendi
1121 1968 1237 2048 longius
1259 1974 1402 2047 uagantes
1430 1964 1561 2027 absurda

309 2067 410 2130 omnia
442 2075 474 2128 et
505 2066 629 2130 ridicula
661 2069 699 2132 ad
726 2070 821 2132 locum
842 2070 1049 2150 explicandum
1072 2068 1282 2148 excogitarent.
1324 2066 1419 2129 Lilius
1440 2065 1559 2146 quidam

309 2168 460 2250 Gyraldus
482 2169 669 2232 scribendum
692 2189 755 2232 esse
777 2170 896 2250 putauit
918 2166 998 2234 κατὰ
1023 2169 1189 2256 Τραϊανοῦ
1211 2168 1257 2232 uel
1279 2169 1358 2230 καθ’
1371 2164 1559 2250 Ἀδριανοῦ,

308 2269 386 2350 quod
418 2288 511 2350 neque
542 2289 634 2348 graece
666 2289 761 2353 neque
793 2291 876 2332 sanae
903 2273 1010 2336 mentis
1042 2281 1097 2336 est.
1138 2274 1230 2336 Ianus
1251 2270 1358 2334 deinde
1380 2269 1559 2331 Parrhasios

309 2365 390 2433 nord
407 2364 588 2444 Ἅνκνανοῦ,
611 2380 716 2436 contra
735 2371 906 2434 Attianum.
948 2383 981 2436 at
1012 2373 1114 2454 paucis
1147 2372 1241 2435 solum
1268 2371 1372 2434 diebus
1400 2379 1471 2432 ante
1493 2370 1560 2430 obi-

309 2483 373 2535 tum
411 2473 505 2552 ipsius
542 2473 641 2535 odium
679 2473 827 2535 Hadriani
865 2474 894 2535 in
927 2483 1055 2537 tutorem
1089 2475 1196 2554 erupit.
1254 2472 1305 2534 alii
1336 2468 1559 2554 catochlponos,

308 2574 392 2655 quasi
414 2575 539 2654 caligine
562 2574 705 2636 obductos
727 2583 780 2636 aot
801 2574 984 2637 calceritiooo
1005 2575 1133 2638 scribere
1154 2575 1320 2637 uoluerunt.
1356 2571 1488 2651 Scaliger
1507 2592 1559 2632 cc-

308 2673 479 2738 tcclrro'onos
500 2675 548 2738 hic
569 2675 665 2737 dictos
687 2694 751 2736 esse
773 2676 902 2755 putabat
924 2676 1014 2738 libros
1041 2676 1106 2740 ταῖν
1127 2671 1209 2738 κατὰ
1229 2676 1339 2760 χρείαν
1360 2672 1558 2754 horontiano,

307 2776 378 2838 illud
401 2776 585 2856 significans,
606 2777 684 2857 quod
705 2776 735 2836 in
757 2777 908 2839 rhetorum
930 2777 1038 2840 scholis
1060 2778 1172 2842 tirones
1193 2778 1253 2840 alia
1275 2771 1356 2840 nard
1375 2781 1485 2860 χρείαν
1499 2774 1559 2837 alia

308 2871 390 2939 nard
411 2876 540 2963 γνώμην
567 2877 662 2939 dicere
688 2877 818 2940 solerent
845 2878 980 2959 quodque
1008 2889 1159 2942 constaret
1187 2879 1375 2941 Hadrianum
1404 2877 1556 2940 rhetorum

309 2980 397 3041 modo
418 2999 450 3042 se
471 2980 647 3044 exercuisse.
689 2979 901 3054 casaubonus,
934 2999 1020 3060 quem
1052 3000 1139 3043 nemo
1172 2980 1257 3042 facile
1289 2988 1395 3060 postea
1421 2976 1558 3040 doctrina

308 3081 475 3160 superauit,
497 3091 681 3162 omaoaymos
702 3079 890 3143 scribendum
916 3080 1036 3161 putauit
1056 3102 1074 3143 a
1095 3101 1191 3162 graeoa
1212 3099 1284 3142 uoce
1317 3099 1382 3161 quae
1416 3086 1463 3140 est
1495 3099 1557 3140 κα-

307 3176 467 3262 τακαυμὰς
488 3181 533 3244 nel
555 3177 792 3263 κατακανσμὸς,
815 3191 848 3244 ut
870 3190 971 3243 essent
992 3182 1022 3244 hi
1045 3182 1112 3246 libri
1133 3191 1186 3246 aut
1207 3182 1249 3243 ita
1271 3180 1342 3243 dicti
1364 3180 1435 3261 quia
1457 3181 1492 3241 de
1507 3199 1558 3242 or-

308 3283 353 3344 bis
375 3292 520 3344 terrarum
552 3283 703 3356 incendio,
735 3282 812 3363 quod
840 3282 1019 3344 Phaetontis
1041 3283 1209 3344 temeritate
1230 3282 1339 3344 accidit
1361 3281 1408 3343 hio
1429 3280 1558 3343 dixisset

309 3382 478 3446 Hadrianus
510 3382 556 3444 uel
578 3383 655 3463 quod
683 3382 829 3444 Heracliti
852 3382 1034 3463 aliorumque
1066 3382 1307 3464 philosophorum
1330 3382 1367 3443 de
1389 3382 1557 3461 conflagra-

308 3487 389 3548 tione
416 3502 477 3564 qua
497 3491 593 3545 totum
626 3484 765 3545 mundum
788 3483 949 3562 periturum
971 3484 1207 3562 pronuntiabant
1229 3482 1397 3545 sententias
1414 3483 1450 3544 iis
1472 3482 1556 3544 libris

308 3593 477 3648 tractasset.
521 3583 687 3646 Salmasius
709 3582 850 3662 denique,
881 3601 1061 3662 quamquam
1088 3585 1197 3646 fatetur
1219 3584 1314 3646 locum
1337 3603 1402 3646 eum
1426 3603 1485 3646 non
1506 3583 1556 3645 in-

307 3688 455 3768 telligere,
486 3685 675 3766 scriptionem
708 3681 885 3765 optimorum
918 3683 1050 3746 codicum
1078 3684 1264 3746 retinendam
1286 3684 1414 3758 censuit,
1435 3684 1487 3746 sed
1509 3684 1554 3746 ita

306 3789 359 3850 illa
380 3786 554 3868 explioauit,
576 3794 609 3849 ut
630 3798 729 3848 essent
749 3779 830 3845 nard
850 3781 999 3857 Κάννας,
1022 3803 1069 3848 res
1090 3785 1128 3846 ad
1151 3785 1273 3847 Cannas
1294 3791 1403 3864 gestas.
1436 3783 1553 3866 quodsi

307 3909 408 3952 uerum
442 3887 561 3961 luisset,
593 3887 766 3950 Hadrianus
792 3886 926 3966 exemplo
953 3885 1131 3949 Antimaohi
1153 3886 1202 3966 qui
1225 3885 1260 3947 de
1283 3885 1359 3948 bello
1381 3885 1553 3948 Thebauico

306 3990 426 4072 scripsit
458 3989 548 4050 libros
574 3989 610 4049 de
649 4007 747 4068 pogna
778 3987 927 4051 Cannensi
959 3989 1183 4068 composuisset.
1238 3987 1282 4050 ita
1303 3988 1333 4049 in
1368 4005 1482 4048 errores
1504 3986 1553 4047 in-

307 4092 404 4154 cidere
427 4109 485 4152 non
507 4089 697 4163 desinebant,
720 4090 813 4150 donec
834 4089 922 4151 huius
944 4089 1042 4152 saculi
1064 4087 1157 4151 initiis
1179 4088 1312 4168 Angelus
1334 4087 1433 4149 Maius
1454 4090 1552 4148 Fron-

305 4201 405 4254 tonem
427 4191 600 4252 inueniebat
621 4191 650 4252 in
674 4189 867 4270 palimpsesto
879 4190 1032 4270 scripturn.
1055 4190 1197 4252 namhaee
1211 4189 1405 4252 oataohanuae
1420 4207 1479 4250 uox
1494 4207 1551 4250 non

308 4294 403 4354 solum
434 4292 585 4354 inuenitur
617 4291 695 4371 apud
716 4293 915 4365 Frontonem,
947 4291 999 4354 sed
1020 4291 1110 4352 etiarn
1131 4291 1297 4372 exphcatur
1318 4289 1385 4352 uide
1407 4308 1437 4370 p.
1459 4282 1499 4349 77
1521 4289 1550 4349 in

308 4394 354 4456 ed.
376 4394 511 4456 Francof.
533 4414 561 4456 a.
582 4393 682 4455 Moen.
699 4391 788 4455 1816.
809 4389 853 4453 ibi
874 4412 920 4454 me
941 4390 1043 4454 nidore
1064 4389 1201 4454 arborem
1221 4391 1382 4454 multorum
1395 4408 1552 4452 remoram

307 4516 400 4578 qnam
419 4492 468 4556 illc
488 4515 574 4555 snum
595 4513 701 4556 nomen
722 4490 936 4554 cutacbunncm
956 4490 1138 4555 nominabat.
1180 4492 1232 4555 scd
1252 4491 1306 4556 illa
1326 4488 1417 4554 orbor
1430 4489 1511 4552 mira
1525 4497 1553 4552 et

307 4613 386 4660 norm
407 4595 471 4658 ciac
493 4605 535 4658 est
555 4593 630 4660 mibi
650 4595 683 4660 in
703 4614 763 4658 nno
784 4587 888 4658 trunco
908 4594 1042 4658 omninno
1061 4589 1156 4672 formo
1175 4593 1313 4682 permina
1328 4640 1335 4658 .
1351 4637 1382 4654 ..
1404 4586 1550 4675 (lacuna).
