3602 5552
652 453 790 526 Spsrtiaui
812 455 871 510 uite
891 454 1032 510 Hadriani.
1427 457 1464 512 81

223 631 302 692 docti
335 649 430 712 neque
462 647 525 690 rem
557 647 680 710 prorsus
709 628 807 691 adhuc
834 626 1013 690 diiudicasse
1040 627 1112 690 mihi
1133 627 1280 692 uidentur.
1323 626 1466 691 litamen

223 731 403 794 simillimum
424 730 489 794 ueri
509 738 688 810 sequuntur,
720 729 771 810 qui
798 748 864 792 cum
892 727 1027 810 Savigny
1049 726 1256 814 (Vermischta
1278 727 1430 791 Schriften
1453 733 1468 792 Ι

221 852 250 912 p.
273 829 413 916 29-80)
445 852 503 892 nou
536 830 631 894 solum
665 830 834 892 libertatern
863 838 894 891 et
921 828 1138 892 immunitatem
1161 830 1228 910 Dig.
1251 831 1266 893 I
1290 829 1341 903 15,
1363 829 1384 892 8
1404 830 1466 916 pr.)

221 934 273 996 sed
307 933 413 1007 etiam,
445 932 523 1014 quod
555 931 711 1013 Zumptius
739 930 911 1014 (comment.
935 949 1013 1011 saepe
1041 929 1120 992 laud.
1142 932 1158 994 I
1179 951 1208 1011 p.
1229 928 1307 1014 489)
1329 932 1466 1010 negauit,

221 1033 267 1098 ius
300 1032 462 1104 Quiritium
496 1051 547 1094 eos
579 1033 628 1114 qui
659 1033 706 1094 ius
733 1030 871 1095 Italicum
897 1031 1048 1092 consecuti
1071 1040 1158 1093 erant
1179 1031 1320 1094 habuisse
1342 1040 1466 1111 putent,

221 1146 255 1198 ut
275 1133 307 1196 in
329 1135 392 1197 solo
414 1153 515 1196 eorum
537 1132 672 1214 legitima
704 1143 786 1196 esset
817 1130 962 1211 usucapio
998 1131 1028 1192 in
1061 1132 1124 1194 iure
1153 1132 1249 1194 cessio
1283 1132 1465 1213 mancipatio
1578 1149 1582 1161 ·

221 1236 394 1298 uindicatio.
436 1234 522 1316 plura
544 1234 580 1296 de
603 1235 658 1297 hoc
680 1233 743 1297 iure
766 1233 949 1312 collegerunt
973 1230 1049 1296 Heia
1068 1232 1097 1294 in
1113 1233 1220 1315 Paully
1234 1233 1465 1316 Realencyclop.

220 1336 301 1400 Auli.
324 1339 339 1400 1
360 1337 430 1398 Vol.
452 1336 500 1398 IV
522 1333 584 1398 642
611 1345 642 1398 et
669 1334 849 1417 Marquardt
871 1334 890 1396 l.
913 1333 1001 1396 1111
1024 1334 1040 1394 l
1064 1353 1094 1414 p.
1114 1333 1174 1395 261
1198 1354 1263 1416 sqq.
1291 1334 1373 1396 nulla
1395 1355 1465 1400 uero

220 1437 293 1500 iuris
324 1437 404 1500 illius
437 1437 548 1499 mentio
579 1437 610 1498 iu
637 1436 732 1500 titulis
757 1437 791 1498 fit
817 1443 848 1497 et
869 1434 958 1496 ualde
980 1443 1157 1497 errauerunt
1177 1434 1198 1496 ii
1220 1435 1269 1516 qui
1290 1444 1325 1497 ut
1345 1435 1465 1499 Walter

220 1537 331 1602 Gesch.
354 1539 382 1600 d.
404 1539 442 1601 R.
464 1538 503 1600 R.
525 1538 541 1599 Ι
563 1537 577 1619 §
599 1537 659 1599 301
688 1545 718 1600 et
745 1536 876 1599 Dirksen
901 1533 965 1597 Sor.
987 1535 1027 1596 H.
1049 1536 1089 1598 A.
1111 1556 1140 1616 p.
1166 1536 1225 1599 123
1246 1555 1324 1618 sqq.,
1356 1535 1405 1600 ille
1427 1538 1464 1600 de

220 1639 337 1702 ciuibus
368 1638 515 1702 Romanis
548 1639 620 1700 iuris
650 1638 764 1711 Italici,
796 1637 844 1698 hio
873 1637 909 1698 de
936 1635 1047 1698 colonis
1068 1637 1215 1700 Romanis
1238 1637 1371 1699 eiusdem
1391 1637 1464 1700 iuris

220 1741 443 1822 cogitauerunt,
465 1759 558 1822 eoque
579 1740 609 1802 in
633 1759 760 1802 errorem
782 1737 897 1800 inducti
918 1746 1003 1809 sunt,
1025 1738 1104 1818 quod
1122 1737 1152 1800 in
1168 1737 1359 1821 inscriptione
1374 1758 1463 1821 quam

220 1843 313 1904 affert
345 1840 440 1905 Orelli
466 1841 526 1904 N:o
548 1841 628 1904 3041
656 1841 733 1903 male
760 1839 868 1902 lectum
891 1847 937 1900 est
957 1838 1043 1900 IVR.
1066 1858 1119 1919 pro
1141 1839 1237 1902 TVR.
1259 1835 1352 1922 (rna).
1395 1839 1463 1902 uide

218 1943 342 2006 Henzan
366 1943 385 2004 l.
407 1942 428 2005 l.
450 1963 478 2023 p.
500 1939 570 2006 264.

301 2043 367 2125 tt.
410 2063 470 2106 noo
493 2039 674 2128 fluminibus
706 2039 757 2104 aed
788 2039 940 2104 limitibus.
983 2040 1093 2104 limites
1120 2042 1149 2104 h.
1172 2041 1192 2104 l.
1215 2050 1286 2107 sunt
1312 2045 1385 2106 flues
1414 2042 1464 2124 qui

217 2165 312 2228 neque
344 2145 495 2208 montibus
524 2163 615 2224 neque
636 2141 806 2204 fluminibus
829 2161 923 2224 neque
946 2141 1013 2203 aliis
1034 2162 1053 2203 a
1074 2151 1185 2205 natura
1206 2144 1313 2224 positis
1334 2143 1463 2224 impedi·

216 2246 325 2308 mentis
345 2245 503 2326 imperium
524 2244 692 2306 Romanum
715 2243 753 2304 ab
776 2242 844 2305 aliis
865 2241 983 2323 populis
1005 2241 1152 2306 diuidunt.
1196 2265 1254 2306 non
1277 2244 1394 2308 memini
1415 2265 1462 2307 me

215 2347 274 2410 alio
308 2347 372 2409 loco
405 2346 484 2408 hunc
516 2344 600 2408 uerbi
631 2363 717 2407 usum
746 2352 837 2406 ant-ea
858 2343 958 2405 uidere
980 2352 1015 2406 ut
1036 2343 1117 2405 nulla
1137 2364 1210 2407 uoce
1233 2346 1355 2408 adiecta
1376 2344 1461 2408 limes

215 2447 255 2510 sit
277 2449 375 2510 animo
399 2446 589 2528 excogitatus
611 2466 668 2508 uon
691 2465 711 2507 a
734 2454 843 2508 natura
864 2445 996 2524 positus,
1018 2444 1073 2506 sed
1095 2445 1185 2508 facile
1207 2447 1246 2507 ad
1269 2447 1346 2508 hanc
1367 2445 1462 2526 signi-

214 2549 382 2613 ficationem
414 2548 559 2611 transitur
592 2547 630 2608 ab
661 2547 715 2609 illa
747 2566 836 2628 quam
861 2545 955 2608 habet
981 2546 1105 2608 uerbum
1131 2546 1161 2607 in
1189 2555 1254 2608 arte
1277 2547 1461 2627 agrimenso-

214 2668 278 2711 rum
301 2650 363 2734 (cir
383 2648 504 2711 Walter
525 2649 544 2710 l.
566 2647 585 2709 l.
607 2648 623 2709 Ι
645 2647 659 2729 §
682 2644 743 2708 249
764 2667 808 2729 sq.
850 2645 1030 2728 Marquardt
1050 2646 1098 2709 III
1122 2647 1133 2708 1
1159 2667 1188 2728 p.
1212 2648 1272 2708 343
1295 2667 1340 2728 sq.
1382 2647 1460 2708 For-

214 2748 312 2812 cellini
334 2770 358 2812 s.
380 2747 437 2830 ιι).

296 2849 311 2930 1
333 2843 362 2911 7.
405 2843 626 2910 Germania-
648 2846 821 2931 compressit
841 2845 900 2908 uid.
922 2846 1050 2908 Excurs.
1072 2847 1097 2908 I.

296 2949 311 3031 §
332 2949 362 3013 8.
406 2946 513 3012 bellum
533 2945 712 3010 Parthicum
733 2983 772 2994 -
794 2966 964 3030 repressum
984 2954 1027 3009 eat
1046 2947 1115 3010 uide
1136 2949 1262 3012 Excurs.
1285 2950 1310 3013 I.

727 3239 815 3342 Gap.
837 3237 941 3322 XHI.

293 3423 360 3486 uida
382 3424 552 3485 Excursum
574 3424 598 3484 Ι.

293 3525 359 3607 tt.
394 3521 554 3587 Eleusinia
574 3543 662 3584 sacro
683 3558 722 3568 -
738 3543 799 3608 pro
820 3522 993 3610 aponotlreto
1013 3521 1131 3586 recedit.
1164 3525 1241 3605 quod
1262 3526 1383 3587 uerbum
1405 3525 1453 3587 in·

209 3626 326 3690 uenitur
348 3626 439 3687 etiarn
461 3625 491 3686 iu
513 3623 610 3687 titulis
632 3623 735 3686 latinis
757 3628 802 3688 cfr
823 3625 917 3689 Orelli
936 3623 1027 3687 4024.

293 3727 307 3809 l
329 3725 358 3789 9.
402 3719 564 3811 speciatim.
606 3725 656 3788 laic
678 3734 709 3788 et
729 3726 810 3790 infra
830 3747 855 3790 c.
871 3725 912 3789 24
934 3725 999 3809 56,
1022 3733 1165 3808 qnantum
1187 3726 1264 3801 scio,
1286 3725 1365 3790 unici
1381 3737 1452 3792 sunt

209 3827 267 3890 loci
288 3827 340 3888 ubl
360 3827 418 3890 hoc
439 3829 562 3889 uerbum
583 3827 731 3889 inuenitur
752 3828 811 3890 nisi
833 3827 911 3909 qnod
933 3826 1050 3889 codices
1073 3827 1165 3910 aliqui
1187 3826 1216 3888 in
1236 3826 1330 3890 Cicer.
1344 3849 1372 3909 p.
1388 3829 1449 3890 red.

208 3929 238 3991 iu
260 3935 358 3990 senat..
381 3947 407 3989 c.
428 3927 449 3990 8
471 3927 520 3991 fin.
542 3948 622 3991 uers.
644 3926 729 4011 (uide
750 3929 795 3990 ed.
817 3927 919 3990 Orelli.
944 3936 974 3989 at
994 3928 1111 4004 Baiter,
1132 3930 1172 3993 V.
1195 3928 1210 3990 1
1231 3949 1260 4010 p.
1276 3923 1352 4014 570)
1373 3929 1449 3992 idem

208 4031 329 4094 uerbum
351 4028 481 4104 habeut,
503 4049 557 4110 pro
580 4047 637 4110 quo
659 4027 750 4091 ceteri
770 4027 934 4112 separatim
955 4027 1106 4092 exhibent.

725 4319 813 4422 Gap.
834 4317 931 4402 XIV.

287 4500 361 4563 uide·
378 4500 545 4562 Excursuru
566 4499 591 4561 Ι.

252 4621 255 4632 ’
289 4603 321 4684 00
341 4594 433 4662 5-7.
476 4599 643 4663 Antinoum
662 4621 750 4662 soum
770 4635 809 4646 —
830 4599 968 4664 iactator.
1002 4599 1152 4682 Bithynus
1174 4598 1222 4663 hic
1243 4601 1315 4665 urbe
1334 4601 1445 4688 Bithy-
