3602 5552
180 2383 199 2442 t

330 481 366 536 10
812 477 903 534 Julius
924 479 1094 534 Centerwsll.

276 645 316 723 12
427 640 614 737 conpositis
652 640 689 714 in
727 639 908 716 Britannia
943 641 1046 716 rebus
1081 656 1314 740 transgressus
1339 643 1376 714 in
1401 641 1554 716 Galliam

298 741 560 837 tAlexandrina
599 742 767 815 seditione
805 743 980 826 turbatus,
1017 769 1097 840 quae
1133 759 1213 816 nata
1252 756 1304 816 est
1329 743 1374 815 ob
1400 745 1552 841 Apidem

295 844 387 942 iqui
419 868 499 914 cum
532 857 689 939 repertus
721 857 813 918 esset
837 857 917 942 post
942 844 1071 918 multos
1096 871 1203 918 annos
1229 844 1349 918 turbas
1374 845 1464 918 inter
1488 872 1552 942 po-

322 946 423 1043 pulos
459 945 604 1028 creauit,
643 947 737 1043 apud
767 971 874 1043 quem
913 946 1055 1019 deberet
1080 947 1185 1020 locari
1211 945 1372 1019 omnibus
1398 948 1552 1020 studiose

285 1046 542 1121 2certantibus.
576 1047 756 1143 peridem
781 1061 920 1145 tempus
946 1047 982 1120 in
1007 1047 1175 1121 honorem
1200 1045 1350 1120 Plotinae
1370 1046 1585 1126 basilicama

287 1149 417 1249 3apud
447 1146 664 1221 Nemausum
694 1175 798 1247 opere
824 1149 973 1221 mirabili
999 1149 1159 1222 extruxit.
1211 1163 1291 1247 post
1316 1149 1392 1220 haec
1416 1147 1550 1247 Hispa-

320 1251 396 1342 m'as
434 1248 535 1347 petiit
573 1263 609 1322 et
647 1248 839 1323 Tarracone
879 1249 1061 1334 hiemauit‚
1094 1251 1153 1323 ubi
1179 1262 1320 1348 sumptu
1346 1276 1408 1322 suo
1435 1253 1550 1324 ae'dem

284 1350 471 1448 4Augusti
497 1350 658 1424 restitnit.
710 1352 871 1424 omnibus
896 1351 1065 1448 Hispanis
1091 1351 1320 1426 Tarraconem
1338 1351 1374 1423 in
1396 1377 1548 1426 conuen-

301 1433 398 1530 ltum
423 1453 555 1524 uocatis
581 1453 822 1550 delectumque
848 1453 1053 1536 ioculariter,
1079 1465 1119 1526 ut
1135 1454 1240 1526 uerba
1256 1455 1330 1551 ipsa
1349 1452 1449 1549 ponit
1465 1451 1548 1526 Ma-

320 1554 391 1627 rius
424 1551 617 1638 Maximus
649 1553 914 1630 retractantibus
945 1553 1096 1637 laticis,
1122 1554 1545 1663 uehementissimetcete-
1566 1584 1598 1636 10

285 1656 596 1753 orispprudentcr
621 1668 656 1727 et
681 1670 780 1728 caute
806 1656 987 1728 consuluit.
1030 1681 1099 1754 quo
1125 1657 1268 1753 quidem
1292 1673 1450 1752 tempore
1476 1683 1545 1730 non

320 1757 393 1828 sine
430 1756 538 1852 gloria
572 1757 816 1852 grauissimum
853 1757 1045 1855 periculum
1080 1759 1167 1830 adiit
1197 1759 1290 1855 apud
1316 1756 1546 1831 Tarraconem

320 1857 473 1956 spatians
504 1882 567 1955 per
595 1857 788 1939 uiridiaria,
819 1884 918 1931 seruo
945 1859 980 1931 in
1007 1884 1044 1930 se
1070 1858 1218 1956 hospitis
1244 1885 1324 1931 cum
1349 1858 1463 1954 gladio
1489 1861 1542 1932 fu-

318 1959 440 2030 riosius
467 1957 634 2031 inruente.
673 1984 777 2055 quem
809 1973 981 2032 retentum
1007 1960 1064 2032 ille
1089 1961 1257 2034 ministris
1283 1960 1543 2033 adcurrentibus

316 2059 459 2132 tradidit
484 2071 519 2130 et
542 2059 603 2131 ubi
628 2060 797 2133 firdosnm
822 2087 897 2134 esse
923 2062 1086 2144 constitit,
1113 2063 1256 2135 medicis
1273 2062 1463 2134 curandum
1481 2063 1543 2134 de-
1562 2093 1595 2147 15

283 2161 371 2234 6dit
405 2159 441 2231 in
479 2160 573 2232 nullo
609 2162 749 2234 omnino
785 2176 990 2236 commotus.
1041 2189 1103 2260 per
1139 2190 1179 2236 ea
1214 2177 1370 2259 tempora
1400 2175 1435 2233 et
1460 2163 1544 2235 alias

318 2263 515 2358 frequenter
540 2261 576 2332 in
600 2263 759 2358 plurimis
784 2263 868 2337 locis
894 2265 930 2336 in
956 2265 1082 2362 quibus
1105 2264 1241 2337 barbari
1258 2290 1326 2337 non
1343 2263 1544 2337 fluminibus

265 2349 272 2392 ³
317 2364 379 2436 sed
404 2363 572 2435 limitibus
597 2364 800 2437 diuiduntur
825 2365 1001 2463 stipitibus
1026 2367 1160 2463 magnis
1185 2366 1221 2437 in
1245 2368 1389 2438 modum
1408 2366 1544 2440 muralis

267 2469 302 2536 tl
317 2463 421 2562 saepis
447 2464 601 2536 funditus
627 2464 725 2544 iactis
750 2477 854 2563 atque
880 2467 1017 2540 conexis
1042 2465 1205 2540 barbaros
1231 2465 1414 2564 separauit.
1455 2465 1544 2540 Ger-

317 2565 429 2658 manis
467 2591 584 2662 regem
621 2567 815 2650 constituit,
850 2582 966 2642 motus
1002 2566 1207 2641 Maurorum
1233 2569 1438 2666 compressit
1463 2583 1498 2641 et
1523 2596 1595 2657 a20

190 2683 204 2749 7
281 2673 439 2739 8senatu
465 2666 732 2762 supplicationes
759 2671 915 2742 emeruit.
967 2654 1099 2764 bellum
1125 2669 1335 2756 Parthorum
1362 2694 1425 2765 per
1450 2670 1543 2743 idem

316 2779 454 2864 tempus
484 2767 521 2839 in
551 2782 649 2840 motu
679 2782 817 2842 tantum
848 2770 928 2854 fuit,
955 2761 1070 2867 idque
1085 2769 1257 2843 Hadriani
1281 2771 1462 2867 conloquio
1487 2798 1542 2844 re-

318 2895 477 2967 pressum
502 2882 564 2942 est.

265 2972 305 3048 ld
416 2983 495 3066 post
533 2971 608 3042 haec
642 2998 705 3069 per
737 2973 859 3072 Asiam
887 2985 923 3045 et
947 2973 1076 3046 insulas
1102 2976 1147 3046 ad
1172 2973 1341 3061 Achaiam
1367 2973 1542 3071 nauigauit

275 3076 291 3093 ‘
318 3083 353 3142 et
390 3071 568 3144 Eleusinia
607 3099 703 3147 sacra
740 3074 900 3172 exemplo
936 3073 1098 3148 Herculis
1123 3073 1350 3174 Philippique
1377 3076 1592 3174 suscepisse

280 3173 425 3246 2multa
450 3174 486 3246 in
511 3173 742 3249 Athenienses
768 3177 913 3249 contulit
938 3189 974 3248 et
998 3203 1061 3274 pro
1087 3178 1294 3274 agonotheta
1320 3177 1457 3250 resedit.
1507 3192 1543 3252 et

314 3272 350 3345 in
383 3275 515 3348 Achaia
546 3277 687 3373 quidem
713 3278 817 3350 etiarn
843 3279 930 3350 illud
955 3277 1176 3350 obseruatum
1202 3279 1317 3350 ferunt
1342 3280 1434 3374 quod
1461 3305 1541 3352 cum

283 3373 351 3450 rin
382 3377 487 3450 sacris
513 3378 614 3450 multi
639 3378 767 3451 cultros
793 3379 961 3451 haberent
986 3405 1065 3450 cum
1091 3378 1271 3452 Hadriano
1296 3380 1400 3452 nullis
1426 3405 1539 3453 arma-

279 3483 371 3550 3tus
408 3479 581 3576 ingressus
617 3493 678 3551 est.
730 3493 810 3575 post
838 3480 874 3551 iu
900 3477 1054 3576 Siciliam
1079 3479 1269 3576 nauigauit,
1295 3479 1331 3550 in
1357 3506 1426 3577 qua
1451 3482 1539 3556 Aet-

314 3603 396 3650 nam
421 3592 576 3651 montem
602 3580 800 3652 conscendit
825 3593 865 3652 nt
890 3579 971 3651 solis
997 3592 1112 3650 ortum
1136 3580 1271 3652 uideret
1297 3605 1396 3655 arcus
1413 3585 1538 3679 specie,
1556 3605 1591 3660 30

277 3689 354 3753 4ut
385 3679 519 3762 dicitur,
553 3680 697 3753 narium.
749 3681 829 3753 inde
863 3679 1015 3774 Romam
1041 3681 1137 3752 uenit
1162 3695 1266 3777 atque
1292 3708 1335 3753 ex
1360 3709 1400 3754 ea
1426 3685 1462 3756 in
1488 3687 1539 3758 A·

314 3778 435 3852 fricam
474 3782 610 3854 transiit
639 3807 679 3854 ac
710 3782 861 3855 multum
886 3780 1131 3854 beneficiorum
1157 3781 1341 3878 prouinciis
1367 3784 1539 3860 Africanis

252 3863 489 3962 ‚bacstribuit
539 3907 602 3954 nec
640 3885 825 3982 quisquam
861 3882 932 3955 fere
968 3883 1164 3981 principum
1200 3895 1337 3957 tantum
1369 3897 1538 3960 terrarum

278 3991 385 4056 (itam
411 3980 566 4054 celeriter
591 3986 795 4082 peragrauit.
836 3984 985 4081 denique
1011 4013 1089 4058 cum
1116 3999 1196 4083 post
1214 3985 1368 4060 Africam
1386 3985 1537 4060 Romam

313 4083 475 4167 redisset,
524 4084 643 4156 statim
681 4089 726 4158 ad
763 4084 931 4184 orientem
966 4088 1140 4182 profectus
1176 4114 1239 4184 per
1276 4089 1433 4162 Athenas
1472 4090 1587 4162 iteras

313 4183 394 4256 fecit
423 4198 527 4283 atque
558 4179 661 4283 opera
686 4182 883 4286 quaa'apnd
909 4187 1139 4260 Athenienses
1165 4204 1326 4285 coeperat
1350 4189 1536 4272 dedicauit,

314 4296 354 4356 ut
388 4284 482 4360 Iouis
520 4283 675 4384 Olympii
705 4291 818 4362 aedem
844 4302 879 4362 et
904 4313 998 4360 aram
1025 4290 1101 4372 sibi,
1128 4292 1319 4388 eodemque
1345 4291 1449 4362 modo
1474 4316 1537 4388 per

278 4383 434 4459 7Asiam
470 4389 536 4461 iter
571 4390 698 4464 faciens
727 4390 858 4487 templa
883 4389 937 4462 sui
962 4390 1111 4463 nominis
1138 4392 1358 4465 consecrauit.
1411 4391 1535 4465 deiude

277 4494 334 4560 8a
359 4483 621 4591 Cappadocibus
647 4493 786 4590 seruitia
812 4492 931 4564 castris
956 4491 1134 4588 profutura
1156 4493 1313 4590 suscepit
1354 4493 1535 4590 toparchas

315 4598 350 4659 et
380 4612 477 4684 reges
509 4591 554 4662 ad
578 4592 766 4666 amicitiam
790 4591 964 4675 inuitauit,
993 4593 1138 4665 inuitato
1165 4595 1270 4666 etiam
1296 4590 1428 4666 Osdroe
1454 4622 1533 4694 rege
1550 4626 1585 4682 40

176 4701 184 4725 ‘
310 4685 521 4764 Parthorum
555 4693 764 4794 remissaque
800 4694 851 4768 illi
886 4694 957 4767 filia
994 4720 1099 4791 quam
1135 4691 1301 4768 Traianus
1333 4709 1470 4793 ceperat
1494 4723 1535 4771 ae
