3602 5552
331 553 371 606 tt
808 553 898 610 Julius
922 553 1093 612 conumn.

410 721 426 803 l
456 723 485 784 2.
522 721 593 806 po'st
623 732 807 810 questurum
837 733 904 788 ortu
935 733 1055 788 cennaco
1074 723 1201 788 sumit
1233 723 1270 786 de
1301 723 1348 786 iria
1380 725 1456 789 actis
1483 743 1571 788 mna·

328 831 377 884 tus
398 831 429 884 et
449 825 638 887 curatoribus
660 844 761 888 eorum
782 825 841 888 iarn
863 845 902 888 ex
917 825 1006 900 Iocis,
1028 845 1093 906 quse
1110 824 1246 888 inuenire
1257 833 1407 905 poteram,
1421 845 1571 888 commen-

328 922 473 986 tationem
505 925 755 1006 conscripseram,
781 945 871 1008 quum
893 945 913 987 a
932 925 997 988 niro
1019 925 1091 989 mihi
1112 926 1222 998 amico,
1243 925 1294 1006 qui
1313 926 1378 1008 ipee
1397 927 1429 990 in
1450 927 1508 990 bac
1539 945 1572 988 ro

328 1023 505 1104 explicanda
536 1026 717 1100 eleborauit,
749 1026 824 1090 liber
857 1027 929 1090 mihi
961 1035 1069 1108 postea
1095 1027 1194 1090 editus
1214 1025 1352 1090 beueri
1373 1024 1427 1111 (de
1447 1035 1572 1090 senatus

327 1124 486 1207 populique
523 1126 656 1189 Rotnani
694 1127 780 1190 actis.
834 1127 1045 1190 commentatio
1076 1145 1115 1190 ex
1146 1125 1297 1190 annalium
1329 1127 1572 1209 philologioorum

326 1225 535 1306 supplemento
572 1227 664 1291 tertio
699 1247 831 1290 seorsum
869 1228 962 1290 edita
1015 1227 1128 1308 Lipsiae
1166 1226 1435 1312 ululatuum)
1471 1227 1573 1310 copio-

228 1397 230 1404 y
329 1325 466 1388 sissimus
497 1328 735 1392 communicatus
767 1336 824 1392 est
868 1329 1031 1410 quiquam
1064 1347 1127 1392 reru
1148 1347 1268 1409 prorsus
1290 1327 1469 1392 diIudionsae
1490 1329 1574 1392 vida·

327 1435 396 1489 atur
416 1426 446 1488 id
468 1427 617 1509 precipue
640 1429 768 1505 faciam,
789 1439 823 1493 ut
837 1449 903 1511 quoe
918 1428 1146 1492 adcuratissime
1167 1428 1383 1510 conputruit,
1402 1429 1573 1512 quambre-

327 1527 448 1588 uissirue
470 1547 632 1610 exponam.

407 1636 498 1709 atque
531 1637 653 1694 constat
679 1629 759 1692 inter
780 1649 883 1694 omnes
905 1630 1055 1694 Caesarem
1075 1630 1149 1694 inito
1171 1629 1266 1712 primo
1287 1629 1444 1692 consulatu
1468 1648 1495 1692 a.
1517 1629 1573 1692 (ib.

326 1726 367 1792 59
398 1730 524 1808 prirnum
557 1730 691 1794 omnium
721 1730 905 1805 instituisse,
936 1740 1061 1794 uttam
1087 1740 1210 1794 senatus
1231 1749 1321 1812 quam
1343 1729 1446 1812 populi
1468 1729 1574 1792 diurna

327 1839 399 1892 acta
419 1831 580 1894 confierent
601 1837 634 1892 ct
655 1830 878 1912 publicarentur
900 1829 1000 1915 (Suet
1022 1831 1098 1896 Oaes.
1119 1830 1187 1916 20.)
1209 1851 1275 1912 qua
1302 1831 1447 1894 conlectio
1467 1837 1576 1911 postea

327 1930 452 2004 mansit,
474 1950 562 2011 quum
585 1931 659 1995 nibil
681 1931 726 1994 illi
746 1932 905 2013 proficiant
925 1933 975 2014 qui
997 1953 1036 1994 ex
1059 1932 1181 1996 scholiis
1202 1931 1328 1996 Astomi
1347 1931 1489 1994 orationis
1512 1931 1574 1994 IIi-

327 2030 472 2105 lonianae‚
505 2050 544 2092 ex
574 2031 638 2094 (lia
670 2031 750 2094 Phil.
782 2033 879 2107 VIII,
913 2033 962 2108 10,
993 2035 1043 2096 20.
1085 2035 1124 2096 ad
1149 2033 1220 2096 Att.
1240 2034 1299 2108 IV,
1322 2031 1370 2108 18,
1391 2035 1412 2095 2
1433 2033 1482 2095 ad.
1504 2032 1573 2096 lam.

326 2131 404 2205 XII,
437 2131 465 2206 l,
493 2133 519 2194 l.
542 2130 593 2206 29,
618 2134 650 2196 2.
692 2133 772 2194 Phil.
793 2134 835 2208 V,
854 2134 885 2208 4,
909 2135 947 2196 12
968 2153 1026 2196 non
1047 2134 1093 2197 ita
1113 2134 1205 2198 inisse
1227 2133 1346 2215 probari
1366 2141 1476 2214 putant
1496 2130 1532 2216 (Ι.
1555 2131 1574 2193 i.

326 2251 356 2312 p.
390 2228 454 2316 14).
495 2232 599 2314 itaque
630 2242 702 2314 post
722 2233 852 2296 Caesaris
875 2234 1061 2298 consulatum
1082 2235 1236 2316 usquead
1255 2233 1386 2315 Augusti
1407 2234 1574 2306 decretum,

327 2352 384 2413 quo
417 2340 521 2394 auctor
552 2333 622 2408 init,
655 2352 692 2396 ue
725 2344 796 2398 acta
821 2342 945 2396 senatus
966 2335 1190 2416 publicarentur
1210 2334 1313 2421 (Suet.
1333 2333 1412 2415 Aug.
1433 2331 1490 2419 36)
1510 2333 1574 2396 bac

327 2451 445 2514 semper
465 2434 601 2496 coniecta
623 2442 655 2496 et
677 2435 834 2515 publicata
855 2454 922 2496 esse
943 2437 1103 2498 tenendum
1124 2443 1181 2499 est
1212 2435 1290 2516 qnod
1311 2443 1416 2515 postea
1436 2433 1574 2496 obtinuit.

326 2533 458 2614 Augusti
489 2535 566 2596 enim
602 2535 756 2598 decretum
781 2535 928 2598 intactum
955 2535 1102 2598 mansisse
1124 2543 1233 2616 praeter
1252 2535 1414 2598 Frontonis
1434 2533 1572 2598 testimo-

327 2634 406 2697 ninm
428 2634 558 2720 (Fronto
579 2655 627 2716 ep.
648 2635 688 2698 ad
709 2637 848 2700 Marcum
869 2635 945 2699 (laes.
967 2636 1042 2698 114
1062 2656 1091 2717 p.
1114 2630 1154 2698 47
1176 2637 1214 2698 ed
1234 2636 1321 2698 Rom.
1346 2635 1375 2698 in
1392 2635 1571 2698 Franooior·

327 2735 417 2798 diana
448 2755 505 2798 non
538 2735 654 2800 inueni:
688 2736 789 2800 dinom
821 2735 1008 2800 Hadrianum
1041 2755 1128 2799 auom
1160 2746 1244 2799 tuum
1270 2735 1391 2798 laudaui
1412 2735 1442 2798 in
1464 2743 1571 2799 senatu

278 2841 282 2850 '
325 2856 416 2918 saepe
438 2856 560 2900 numero
582 2836 682 2900 studio
703 2837 839 2917 innpenso
860 2844 892 2898 et
912 2855 1061 2918 propenso
1082 2855 1277 2918 quoque....
1298 2836 1484 2899 Antoninum
1499 2853 1571 2898 uero

327 2946 361 3000 ut
392 2939 566 3002 solem...
598 2937 706 3018 diligo,
734 2937 834 3000 ornari
855 2957 902 3000 me
923 2939 963 3000 ab
984 2958 1018 3000 eo
1038 2937 1144 3000 sentio.
1186 2937 1264 2999 hunc
1285 2937 1342 2999 nisi
1362 2938 1407 3000 ita
1428 2937 1517 2999 laudo
1537 2945 1572 2998 ut

327 3038 461 3101 laudatio
483 3057 551 3102 mea
568 3057 625 3100 non
646 3038 677 3100 in
698 3039 777 3102 actis
798 3047 921 3102 senatus
938 3039 1077 3102 abstrusa
1090 3039 1202 3114 lateat,
1215 3037 1310 3100 sedin
1322 3037 1459 3100 manibus
1474 3036 1572 3108 bourie

328 3159 397 3200 num
419 3138 570 3220 oculisque
592 3146 738 3212 uersetur,
758 3139 895 3219 ingratus
915 3159 980 3202 sum
1001 3140 1091 3204 etiam
1114 3139 1257 3202 aduersus
1274 3135 1320 3223 te)
1331 3138 1422 3200 etiam
1434 3157 1472 3202 ex
1483 3136 1572 3202 Plinii

329 3237 448 3300 minoris
470 3239 568 3301 uerbis
589 3239 704 3319 Paneg.
726 3233 776 3303 75.
804 3242 949 3322 probatur
969 3249 1038 3321 post
1059 3240 1229 3321 Augustum
1240 3239 1330 3319 igitur
1340 3238 1573 3302 conficiebantur

328 3338 444 3420 quidem
467 3347 538 3400 acta
557 3348 681 3402 senatus
702 3336 773 3424 (cis.
795 3350 903 3422 prater
923 3340 979 3404 loc.
1001 3349 1093 3405 antea
1106 3341 1185 3404 land.
1207 3341 1280 3402 I'ao.
1302 3337 1572 3402 AumH888net.

328 3440 394 3502 Tib.
415 3434 456 3500 73
477 3440 550 3502 I'ac.
572 3439 652 3502 Anu.
673 3440 750 3514 XV,
771 3435 821 3506 74.
863 3441 965 3523 Spart.
987 3441 1059 3504 Seu.
1080 3460 1104 3504 c.
1130 3442 1164 3502 Il
1178 3441 1298 3521 Lampr.
1311 3437 1573 3504 SemAlencbli

328 3541 406 3622 Vop.
438 3540 528 3604 Prob.
563 3537 610 3625 2).
643 3539 705 3604 iam
728 3559 803 3604 uero
835 3550 963 3622 apparet
984 3560 1023 3604 ex
1043 3541 1115 3604 locis
1141 3559 1214 3623 quos
1235 3540 1423 3604 landanimus
1450 3541 1573 3603 inacta

328 3650 451 3704 senatus
473 3649 615 3721 congesta
642 3660 708 3704 esse
734 3659 802 3722 qnae
833 3641 864 3704 in
885 3650 993 3704 senatu
1013 3642 1188 3722 agebantur,
1208 3641 1374 3704 sententias
1395 3641 1486 3722 igitur
1507 3639 1571 3702 sin-

328 3743 461 3823 gulorum
492 3751 680 3817 senatorum,
713 3741 853 3804 consulta
884 3741 977 3804 totius
1002 3749 1145 3816 senatus,
1166 3740 1308 3823 principis
1330 3742 1495 3816 orationes,
1516 3741 1573 3803 ad·

329 3843 534 3916 clamationes,
556 3842 698 3925 epistolas
719 3842 760 3904 ad
781 3850 919 3906 senatum
940 3841 989 3906 uel
1010 3843 1050 3906 ab
1071 3862 1106 3906 eo
1127 3842 1228 3918 datas,
1250 3842 1350 3907 omnia
1367 3862 1432 3925 qua
1450 3840 1572 3905 adiutis

328 3943 487 4008 dictionem
509 3943 573 4006 eius
593 3942 784 4025 pertinebant
805 3953 836 4007 et
857 3944 987 4008 sonasse
1009 3943 1103 4008 multa
1124 3943 1193 4006 alia.
1229 3943 1352 4006 formam
1375 3950 1475 4006 autern
1487 3949 1572 4028 acto-

329 4063 393 4108 rum
414 4043 464 4124 qui
484 4043 601 4125 penitus
622 4063 798 4124 cognoscere
819 4043 907 4118 uelit,
927 4044 1102 4108 reiiciendus
1121 4053 1169 4108 est
1182 4044 1222 4106 ad
1236 4044 1467 4125 disputationem
1481 4042 1570 4105 Hub-

329 4145 392 4210 neri
412 4143 463 4227 qui
487 4145 582 4208 multa
602 4152 634 4215 et
655 4145 774 4226 egregia
791 4145 828 4208 de
850 4145 908 4208 hac
929 4163 961 4208 re
983 4146 1112 4228 scripsit.
1132 4152 1259 4226 apparet
1278 4165 1348 4209 uero
1365 4163 1484 4212 necesse
1505 4161 1570 4204 esse

328 4247 434 4309 horum
465 4252 600 4308 actorum
632 4245 758 4309 iorrnam
790 4265 868 4328 saepe
900 4254 1047 4323 mutasse,
1072 4266 1162 4329 quum
1184 4265 1222 4310 ea
1241 4245 1308 4327 ipsa
1328 4265 1393 4328 qum
1413 4245 1444 4308 in
1465 4250 1572 4308 senatu

330 4347 499 4428 agebantur
530 4345 623 4410 multo
655 4345 781 4408 diuersis
808 4347 991 4426 temporibus
1012 4346 1225 4427 discreparent
1267 4354 1299 4408 et
1319 4348 1358 4410 ad
1378 4346 1513 4408 ultimum
1535 4363 1571 4406 eo

331 4455 451 4510 uentum
483 4455 539 4510 est.
577 4455 612 4509 ut
632 4445 705 4510 nihil
727 4447 787 4508 iere
808 4446 839 4508 in
860 4455 967 4512 senatu
988 4455 1128 4528 ageretur
1148 4455 1259 4529 preter
1278 4446 1348 4509 illas
1372 4444 1571 4510 adclamatio-

332 4566 393 4610 nes.
421 4546 503 4608 cuius
524 4546 568 4608 rei
589 4547 733 4629 optimam
754 4546 884 4629 speciem
904 4547 1069 4612 inuenirnus
1089 4547 1120 4611 in
1142 4547 1318 4629 prelatione
1339 4545 1449 4610 oodioIs
1470 4546 1571 4608 Theo·

332 4646 450 4710 dosiaui
475 4644 566 4731 (Ood.
594 4648 741 4712 Theodos.
763 4648 801 4712 ed
822 4648 931 4712 Hanel
952 4649 1008 4712 col.
1028 4648 1067 4712 81
1089 4646 1181 4733 sqq.),
1200 4648 1231 4712 in
1252 4666 1311 4730 quo
1332 4648 1468 4730 frequens
1488 4645 1571 4710 insu-

331 4766 386 4830 per
405 4746 440 4808 fit
461 4747 572 4809 mentio
593 4755 728 4814 actorum
749 4749 798 4814 uel
819 4757 943 4814 seuam
964 4749 1012 4812 uel
1034 4747 1209 4814 consistorii
