3602 5552
689 479 826 550 Spartiaui
850 482 907 536 rita
927 481 1068 538 Hadriani.
1463 482 1503 536 83

338 652 352 732 ξ
373 651 402 714 8.
425 651 453 716 9.
496 651 688 716 aritlrmeticoe
708 689 748 698 —
769 651 881 716 nimius
906 654 961 716 eir.
988 652 1050 716 Dio
1079 653 1168 718 Gass.
1184 652 1297 716 LXIX
1320 651 1338 712 3
1367 648 1505 716 ἔπλασσε

255 758 311 815 καὶ
331 750 464 840 ἔγραψε.
513 755 592 816 Aur.
622 753 733 818 victor.
761 753 821 834 Ep.
845 755 942 830 XIV,
974 751 1199 818 Atheniensium
1220 754 1320 816 studio
1351 775 1504 838 moresque

254 855 369 929 locarit,
387 855 500 938 potitus
520 875 581 916 uou
602 875 735 918 suucoue
757 862 889 927 tontum,
911 857 963 918 sed
983 865 1011 918 et
1032 855 1134 920 esuris
1155 852 1340 940 disciplinis,
1360 855 1504 932 curreueli,

249 955 402 1039 psallendi
407 1003 416 1030 ,
437 956 643 1038 medersdiquee
656 955 797 1028 scientio,
819 957 953 1018 rrrusicus
966 966 1118 1040 peometra
1128 957 1228 1040 pictor
1234 956 1383 1043 fictorque
1404 955 1451 1018 uel
1468 978 1505 1018 erc

253 1077 311 1118 mre
332 1054 379 1118 uel
399 1077 547 1118 morusore
567 1055 706 1138 procims
727 1054 893 1136 Polycletus
914 1067 942 1118 et
962 1056 1195 1140 Euplrrouorus.
1229 1077 1297 1138 quae
1313 1057 1410 1119 uerba
1425 1058 1504 1120 Vio-

253 1157 331 1220 toris
353 1159 489 1220 fortasse
511 1157 589 1219 nihil
611 1156 697 1220 alind
718 1165 807 1231 sunt,
835 1177 928 1238 quam
951 1159 1116 1222 uerborum
1142 1157 1305 1238 Spartiani
1328 1157 1504 1238 amplifica-

254 1259 308 1321 tio.
346 1266 382 1320 ut
403 1259 539 1321 breuiter
562 1257 841 1338 eomprehendam,
874 1260 980 1322 omnia
1001 1259 1090 1322 uouit-
1111 1258 1164 1321 ille
1192 1257 1353 1322 Graeculus
1380 1278 1504 1322 omnes-

252 1378 312 1440 que
340 1366 425 1421 artes
454 1369 486 1422 et
512 1358 620 1422 studia
649 1358 690 1420 ad
711 1359 904 1440 uoluptatem
931 1367 1053 1422 tantum
1081 1378 1228 1422 exercens
1250 1358 1437 1440 prirnoribus
1469 1369 1503 1424 ut

251 1459 338 1522 aiunt
368 1460 466 1522 labris
494 1465 685 1541 gnstauerat.
728 1460 810 1541 quod
838 1467 941 1524 tamen
970 1481 1031 1524 non
1055 1462 1154 1524 solum
1176 1460 1209 1522 in
1231 1460 1319 1522 illum
1342 1461 1504 1534 conuenit,

251 1562 304 1624 sed
328 1561 489 1643 proprium
515 1560 669 1642 quoddam
699 1569 768 1624 erat
789 1560 912 1624 illorum
941 1569 1113 1644 temporum
1139 1558 1209 1644 (cfr.
1232 1581 1300 1642 quae
1323 1561 1441 1641 optime
1464 1562 1502 1625 de

251 1661 300 1724 his
324 1663 415 1725 rebus
440 1669 663 1726 commentatus
688 1671 736 1724 est
757 1660 969 1743 Gregorouius
991 1664 1011 1726 l.
1033 1665 1053 1726 l.
1075 1683 1106 1745 p.
1131 1659 1190 1724 149
1212 1657 1304 1745 sqq).

332 1785 404 1824 uem
430 1773 456 1826 et
486 1763 523 1826 de
550 1763 613 1826 suis
642 1761 757 1826 dilectis
778 1800 818 1809 —
839 1764 968 1846 sumpsit.
1017 1765 1105 1828 uncis
1133 1764 1231 1826 uerba
1262 1761 1410 1824 amatorio
1434 1784 1502 1823 oar-

250 1864 334 1926 mina
350 1865 475 1948 scripsit
490 1864 665 1928 inducenda
683 1865 805 1928 censuit
822 1864 1035 1929 casaubonus.
1074 1873 1106 1928 et
1120 1872 1253 1945 apparet
1270 1863 1317 1926 bis
1332 1863 1414 1926 idern
1430 1863 1500 1927 dici.

783 2155 868 2257 top.
891 2155 969 2236 XV.

332 2371 346 2452 §
371 2371 397 2432 l.
439 2371 550 2432 amicos
573 2405 612 2414 -
634 2377 755 2452 separet
779 2369 834 2430 cfr.
857 2369 919 2432 Dio
942 2369 1031 2434 Cass.
1053 2369 1167 2434 LXIX
1187 2367 1207 2431 5
1236 2373 1292 2434 καὶ
1313 2368 1424 2454 δήμοις
1445 2374 1501 2432 καὶ

249 2470 389 2545 ἰδιώταις
420 2474 474 2533 καὶ
505 2469 688 2552 βουλευταῖς
718 2491 750 2532 es
775 2473 832 2532 uui
858 2465 989 2534 inuram
1016 2473 1227 2556 χαρίσασθαι.
1273 2473 1500 2552 largitionesa

248 2575 359 2655 primis
387 2592 508 2656 quoque
536 2572 780 2654 imperatoribus
809 2573 974 2636 comitibus
1002 2574 1165 2636 staminis
1188 2573 1255 2636 fieri
1282 2573 1382 2636 solere
1406 2575 1499 2636 doce-

248 2694 315 2739 mur
337 2695 375 2738 ex
397 2675 484 2738 Suet.
507 2673 575 2736 Tib.
598 2671 647 2736 46.

330 2777 395 2858 §3‚
412 2774 440 2838 4.
474 2773 700 2838 Eudeemouem.
735 2775 774 2837 de
797 2775 856 2837 hoo
881 2775 960 2837 nihil
983 2782 1175 2856 compertum
1197 2774 1308 2836 habeo.
1328 2809 1366 2818 -
1391 2771 1498 2837 Pobli-

249 2877 330 2938 eium
341 2873 527 2937 Marcellum.
561 2874 657 2936 uerba
678 2875 818 2937 codicum
837 2874 990 2959 poloeuum
1009 2885 1036 2938 et
1055 2873 1227 2938 morsellum
1245 2876 1367 2955 Zumpt.
1382 2875 1497 2939 Comm.

248 2978 354 3058 Epigr.
370 2976 442 3039 Vol.
458 2977 491 3038 11
505 2995 535 3055 p.
553 2974 592 3038 16
614 2976 780 3038 emendare
803 2983 936 3038 conatus
959 2984 1023 3050 est,
1046 2981 1080 3037 nt
1095 2977 1204 3038 fierent
1218 2973 1390 3037 Publicium
1405 2973 1497 3037 Mor-

245 3076 366 3151 cellnm,
399 3077 452 3158 qui
480 3076 648 3139 seeundum
677 3075 884 3138 certissimum
907 3076 1112 3157 inscriptonis
1133 3077 1313 3158 Ancyranae
1335 3074 1386 3162 (C.
1409 3077 1434 3138 I.
1458 3075 1497 3140 G.

245 3177 342 3262 4029)
368 3176 582 3240 testimouium
609 3175 710 3258 Syrien
732 3176 844 3240 missus
866 3176 907 3238 ab
929 3177 1119 3259 imperatore
1141 3177 1305 3240 Hadriano
1327 3179 1496 3259 praefuerit.

245 3279 329 3342 huno
351 3278 445 3340 etiam
469 3277 622 3340 consulem
644 3276 825 3358 p.0h.129
847 3298 914 3340 cnm
935 3281 972 3340 P.
987 3278 1131 3342 quentio
1154 3277 1246 3342 Celso
1269 3278 1367 3340 fnisse
1382 3277 1497 3361 Zump-

247 3381 309 3442 tius
332 3379 475 3460 putauit,
497 3380 580 3461 quod
603 3385 708 3440 tamen
732 3379 884 3441 euertitur
905 3379 997 3442 titulo
1012 3380 1151 3444 Heuzen.
1167 3375 1259 3442 7182.
1282 3399 1374 3460 quum
1392 3387 1496 3443 autern

249 3482 372 3543 codices
395 3479 504 3561 optimi
526 3479 557 3542 h.
580 3479 601 3541 l.
625 3479 777 3564 polonum
798 3471 943 3572 habenti
964 3481 1100 3562 primum
1128 3481 1264 3559 cogitaui
1292 3482 1329 3542 de
1353 3479 1496 3543 Pollenio

245 3581 395 3664 quodam,
422 3601 493 3644 nam
523 3600 558 3644 so
584 3581 709 3644 nomine
734 3581 874 3663 praeditae
902 3582 1004 3662 gentis
1026 3582 1111 3646 uiros
1133 3581 1291 3664 principes
1314 3589 1425 3662 postea
1447 3581 1496 3642 f·

247 3683 309 3744 isse
342 3683 454 3745 scimus
488 3702 526 3745 ex
559 3682 638 3744 actis
667 3683 756 3745 fratr.
779 3682 858 3746 Arv.
881 3682 951 3766 (cfr.
973 3683 1127 3764 Borghesi
1155 3683 1269 3748 Oeuvr.
1298 3701 1382 3744 num.
1404 3683 1437 3743 Π
1464 3703 1494 3764 p.

156 3835 160 3842 .
246 3785 308 3846 232
339 3783 434 3867 sqq),
467 3783 566 3846 donec
596 3803 695 3864 nuper
726 3783 865 3847 inuentis
898 3793 1037 3846 actorum
1069 3785 1174 3847 Fratr.
1202 3785 1281 3846 Arv.
1311 3782 1494 3862 fragmentis

247 3882 418 3969 (Philolog.
446 3883 526 3948 1869
560 3903 588 3964 p.
612 3882 673 3947 468
694 3881 778 3968 sqq.)
808 3884 922 3947 certior
952 3885 1052 3946 lactus
1081 3903 1148 3947 snm
1181 3903 1261 3948 anno
1294 3903 1324 3964 p.
1354 3881 1494 3946 Ob.120

247 4004 353 4046 mense
376 3985 450 4046 mai.
473 3985 507 4048 G.
529 3983 705 4048 Poblicium
727 3985 911 4046 Marcellum
934 4003 1002 4046 eum
1025 3986 1059 4047 T.
1071 3983 1192 4048 Rutilio
1215 3983 1395 4065 Propinquo
1419 4003 1493 4046 oon-

246 4086 339 4148 sulem
362 4085 476 4159 fnisse;
502 4093 538 4146 ut
558 4083 728 4148 uerisimile
750 4084 895 4147 uideatur
917 4084 946 4146 h.
964 4084 984 4146 l.
1007 4085 1203 4149 scribendum
1226 4103 1293 4148 esse
1316 4084 1492 4148 Poblicium

245 4185 428 4250 Marcellum
460 4185 522 4248 nisi
555 4185 624 4266 quis
657 4192 748 4266 putat
776 4185 858 4247 huno
884 4185 1066 4248 Marcellum
1088 4188 1184 4250 fnisse
1207 4186 1246 4258 Q.
1268 4185 1492 4266 Pomponium,

247 4288 300 4370 qni
322 4286 488 4350 secuudum
510 4287 618 4348 eadem
641 4293 713 4348 acta
735 4285 840 4348 consul
862 4305 965 4349 mense
982 4285 1088 4369 April.
1109 4307 1191 4352 anno
1211 4285 1390 4366 insequenti
1412 4292 1491 4350 eret

327 4389 351 4470 q.
373 4386 401 4448 5.
444 4384 650 4449 Heliodorum.
693 4385 826 4449 Auidius
847 4383 1041 4463 Heliodorus,
1062 4408 1146 4469 quem
1163 4407 1254 4469 supra
1275 4384 1342 4472 (cfr.
1364 4406 1428 4468 cap.
1453 4388 1488 4450 ll

245 4490 260 4571 ᾗ
282 4485 318 4573 3)
351 4488 478 4552 diximus
510 4488 599 4550 luisse
625 4488 781 4550 Hadriano
803 4487 842 4550 ab
863 4488 995 4569 epistolis
1015 4489 1118 4567 graeois
1140 4496 1171 4551 et
1190 4496 1296 4571 postea
1317 4489 1488 4569 preelectum

245 4589 441 4672 Augustulum
462 4588 594 4673 Aegypti
615 4607 674 4652 non
696 4598 768 4654 ante
790 4608 901 4652 annum
922 4609 951 4672 p.
973 4589 1028 4654 oh.
1053 4588 1121 4666 133,
1147 4610 1216 4654 narn
1248 4608 1283 4654 eo
1305 4608 1384 4654 anuo
1404 4589 1488 4653 inue-
