<?xml version="1.0" encoding="UTF-8"?>
<!DOCTYPE html PUBLIC "-//W3C//DTD XHTML 1.0 Transitional//EN"
    "http://www.w3.org/TR/xhtml1/DTD/xhtml1-transitional.dtd">
<html xmlns="http://www.w3.org/1999/xhtml" xml:lang="en" lang="en">
 <head>
  <title>
</title>
<meta http-equiv="Content-Type" content="text/html;charset=utf-8" />
  <meta name='ocr-system' content='tesseract 3.04.00' />
  <meta name='ocr-capabilities' content='ocr_page ocr_carea ocr_par ocr_line ocrx_word'/>
</head>
<body>
  <div class='ocr_page' id='page_1' title='image "./spartianivitaha00centgoog_0046.png"; bbox 0 0 3602 5552; ppageno 0'>
   <div class='ocr_carea' id='block_1_1' title="bbox 688 483 1499 558">
    <p class='ocr_par' dir='ltr' id='par_1_1' title="bbox 688 483 1499 558">
     <span class='ocr_line' id='line_1_1' title="bbox 688 483 1499 558; baseline -0.006 -16"><span class='ocrx_word' id='word_1_1' title='bbox 688 485 825 558; x_wconf 73' lang='lat' dir='ltr'><strong>Spartisui</strong></span> <span class='ocrx_word' id='word_1_2' title='bbox 847 486 903 542; x_wconf 83' lang='lat' dir='ltr'><strong>rita</strong></span> <span class='ocrx_word' id='word_1_3' title='bbox 924 485 1063 542; x_wconf 83' lang='lat' dir='ltr'><strong>Hadriani.</strong></span> <span class='ocrx_word' id='word_1_4' title='bbox 1460 483 1499 538; x_wconf 82' lang='lat'><strong>37</strong></span> 
     </span>
    </p>
   </div>
   <div class='ocr_carea' id='block_1_2' title="bbox 258 654 1509 4663">
    <p class='ocr_par' dir='ltr' id='par_1_2' title="bbox 260 654 1506 1446">
     <span class='ocr_line' id='line_1_2' title="bbox 260 654 1503 724; baseline -0.005 0"><span class='ocrx_word' id='word_1_5' title='bbox 260 679 312 724; x_wconf 87' lang='lat' dir='ltr'><strong>sen</strong></span> <span class='ocrx_word' id='word_1_6' title='bbox 344 661 369 723; x_wconf 93' lang='lat' dir='ltr'><strong>I.</strong></span> <span class='ocrx_word' id='word_1_7' title='bbox 401 659 440 722; x_wconf 83' lang='lat' dir='ltr'><strong>R.</strong></span> <span class='ocrx_word' id='word_1_8' title='bbox 471 658 511 721; x_wconf 90' lang='lat' dir='ltr'><strong>N.</strong></span> <span class='ocrx_word' id='word_1_9' title='bbox 533 657 658 721; x_wconf 83' lang='lat' dir='ltr'><strong>Henaen</strong></span> <span class='ocrx_word' id='word_1_10' title='bbox 679 655 761 722; x_wconf 81' lang='lat'><strong>6500</strong></span> <span class='ocrx_word' id='word_1_11' title='bbox 786 668 818 721; x_wconf 85' lang='lat' dir='ltr'><strong>et</strong></span> <span class='ocrx_word' id='word_1_12' title='bbox 839 659 966 722; x_wconf 81' lang='lat' dir='ltr'><strong>fortasse</strong></span> <span class='ocrx_word' id='word_1_13' title='bbox 987 658 1055 723; x_wconf 84' lang='lat' dir='ltr'><strong>aliis</strong></span> <span class='ocrx_word' id='word_1_14' title='bbox 1076 657 1178 722; x_wconf 89' lang='lat' dir='ltr'><strong>multis</strong></span> <span class='ocrx_word' id='word_1_15' title='bbox 1199 658 1272 720; x_wconf 90' lang='lat' dir='ltr'><strong>locis</strong></span> <span class='ocrx_word' id='word_1_16' title='bbox 1293 655 1345 718; x_wconf 93' lang='lat' dir='ltr'><strong>ubi</strong></span> <span class='ocrx_word' id='word_1_17' title='bbox 1364 654 1503 719; x_wconf 78' lang='lat' dir='ltr'><strong>scribitur</strong></span> 
     </span>
     <span class='ocr_line' id='line_1_3' title="bbox 261 756 1502 844; baseline -0.004 -21"><span class='ocrx_word' id='word_1_18' title='bbox 261 771 332 824; x_wconf 82' lang='lat' dir='ltr'><strong>nota</strong></span> <span class='ocrx_word' id='word_1_19' title='bbox 363 756 477 844; x_wconf 87' lang='lat' dir='ltr'><strong>VRB.)</strong></span> <span class='ocrx_word' id='word_1_20' title='bbox 509 759 589 822; x_wconf 92' lang='lat' dir='ltr'><strong>nullo</strong></span> <span class='ocrx_word' id='word_1_21' title='bbox 620 759 723 834; x_wconf 90' lang='lat' dir='ltr'><strong>modo,</strong></span> <span class='ocrx_word' id='word_1_22' title='bbox 751 767 784 823; x_wconf 91' lang='lat' dir='ltr'><strong>ut</strong></span> <span class='ocrx_word' id='word_1_23' title='bbox 810 760 886 822; x_wconf 90' lang='lat' dir='ltr'><strong>alios</strong></span> <span class='ocrx_word' id='word_1_24' title='bbox 908 760 1094 835; x_wconf 87' lang='lat' dir='ltr'><strong>omittamus,</strong></span> <span class='ocrx_word' id='word_1_25' title='bbox 1115 759 1256 841; x_wconf 89' lang='lat' dir='ltr'><strong>Zumptio</strong></span> <span class='ocrx_word' id='word_1_26' title='bbox 1276 756 1502 820; x_wconf 70' lang='lat' dir='ltr'><strong>adsentiendum</strong></span> 
     </span>
     <span class='ocr_line' id='line_1_4' title="bbox 261 858 1504 942; baseline -0.005 -18"><span class='ocrx_word' id='word_1_27' title='bbox 261 881 326 924; x_wconf 89' lang='lat' dir='ltr'><strong>esse</strong></span> <span class='ocrx_word' id='word_1_28' title='bbox 357 869 516 942; x_wconf 88' lang='lat' dir='ltr'><strong>putamus,</strong></span> <span class='ocrx_word' id='word_1_29' title='bbox 542 859 592 941; x_wconf 93' lang='lat' dir='ltr'><strong>qui</strong></span> <span class='ocrx_word' id='word_1_30' title='bbox 617 860 705 922; x_wconf 90' lang='lat' dir='ltr'><strong>docet</strong></span> <span class='ocrx_word' id='word_1_31' title='bbox 726 868 889 942; x_wconf 84' lang='lat' dir='ltr'><strong>quaestores</strong></span> <span class='ocrx_word' id='word_1_32' title='bbox 910 862 1039 923; x_wconf 91' lang='lat' dir='ltr'><strong>urbanos</strong></span> <span class='ocrx_word' id='word_1_33' title='bbox 1060 862 1179 924; x_wconf 88' lang='lat' dir='ltr'><strong>eosdem</strong></span> <span class='ocrx_word' id='word_1_34' title='bbox 1200 877 1319 940; x_wconf 82' lang='lat' dir='ltr'><strong>semper</strong></span> <span class='ocrx_word' id='word_1_35' title='bbox 1340 858 1431 920; x_wconf 88' lang='lat' dir='ltr'><strong>fuisse</strong></span> <span class='ocrx_word' id='word_1_36' title='bbox 1454 865 1504 919; x_wconf 86' lang='lat' dir='ltr'><strong>at-</strong></span> 
     </span>
     <span class='ocr_line' id='line_1_5' title="bbox 261 957 1504 1044; baseline -0.004 -20"><span class='ocrx_word' id='word_1_37' title='bbox 261 981 317 1043; x_wconf 90' lang='lat' dir='ltr'><strong>que</strong></span> <span class='ocrx_word' id='word_1_38' title='bbox 350 968 513 1044; x_wconf 85' lang='lat' dir='ltr'><strong>quaestores</strong></span> <span class='ocrx_word' id='word_1_39' title='bbox 543 959 685 1041; x_wconf 86' lang='lat' dir='ltr'><strong>principis</strong></span> <span class='ocrx_word' id='word_1_40' title='bbox 716 961 765 1022; x_wconf 89' lang='lat' dir='ltr'><strong>uel</strong></span> <span class='ocrx_word' id='word_1_41' title='bbox 796 969 958 1042; x_wconf 76' lang='lat' dir='ltr'><strong>quaestores</strong></span> <span class='ocrx_word' id='word_1_42' title='bbox 990 961 1168 1024; x_wconf 87' lang='lat' dir='ltr'><strong>candidatos</strong></span> <span class='ocrx_word' id='word_1_43' title='bbox 1200 957 1341 1042; x_wconf 91' lang='lat' dir='ltr'><strong>principis</strong></span> <span class='ocrx_word' id='word_1_44' title='bbox 1373 958 1504 1039; x_wconf 86' lang='lat' dir='ltr'>nihilque</span> 
     </span>
     <span class='ocr_line' id='line_1_6' title="bbox 261 1057 1503 1142; baseline -0.003 -18"><span class='ocrx_word' id='word_1_45' title='bbox 261 1061 298 1124; x_wconf 89' lang='lat' dir='ltr'><strong>iis</strong></span> <span class='ocrx_word' id='word_1_46' title='bbox 329 1062 465 1124; x_wconf 89' lang='lat' dir='ltr'><strong>relictum</strong></span> <span class='ocrx_word' id='word_1_47' title='bbox 489 1060 578 1122; x_wconf 90' lang='lat' dir='ltr'><strong>fuisse</strong></span> <span class='ocrx_word' id='word_1_48' title='bbox 605 1068 707 1142; x_wconf 89' lang='lat' dir='ltr'><strong>putat,</strong></span> <span class='ocrx_word' id='word_1_49' title='bbox 729 1079 815 1142; x_wconf 81' lang='lat' dir='ltr'><strong>quarn</strong></span> <span class='ocrx_word' id='word_1_50' title='bbox 837 1070 872 1124; x_wconf 90' lang='lat' dir='ltr'><strong>ut</strong></span> <span class='ocrx_word' id='word_1_51' title='bbox 892 1061 1043 1124; x_wconf 88' lang='lat' dir='ltr'><strong>orationes</strong></span> <span class='ocrx_word' id='word_1_52' title='bbox 1064 1059 1231 1142; x_wconf 85' lang='lat' dir='ltr'>principum</span> <span class='ocrx_word' id='word_1_53' title='bbox 1253 1060 1400 1122; x_wconf 73' lang='lat' dir='ltr'><strong>dictarent</strong></span> <span class='ocrx_word' id='word_1_54' title='bbox 1422 1066 1454 1120; x_wconf 91' lang='lat' dir='ltr'><strong>et</strong></span> <span class='ocrx_word' id='word_1_55' title='bbox 1473 1057 1503 1120; x_wconf 91' lang='lat' dir='ltr'><strong>in</strong></span> 
     </span>
     <span class='ocr_line' id='line_1_7' title="bbox 261 1155 1505 1243; baseline -0.004 -17"><span class='ocrx_word' id='word_1_56' title='bbox 261 1171 370 1226; x_wconf 88' lang='lat' dir='ltr'><strong>sauatu</strong></span> <span class='ocrx_word' id='word_1_57' title='bbox 400 1162 571 1224; x_wconf 84' lang='lat' dir='ltr'><strong>recitarent.</strong></span> <span class='ocrx_word' id='word_1_58' title='bbox 613 1161 686 1223; x_wconf 90' lang='lat' dir='ltr'><strong>nihil</strong></span> <span class='ocrx_word' id='word_1_59' title='bbox 718 1163 796 1224; x_wconf 90' lang='lat' dir='ltr'><strong>enim</strong></span> <span class='ocrx_word' id='word_1_60' title='bbox 829 1182 866 1225; x_wconf 87' lang='lat' dir='ltr'><strong>ex</strong></span> <span class='ocrx_word' id='word_1_61' title='bbox 897 1161 984 1224; x_wconf 90' lang='lat' dir='ltr'><strong>titulo</strong></span> <span class='ocrx_word' id='word_1_62' title='bbox 1016 1162 1177 1234; x_wconf 85' lang='lat' dir='ltr'><strong>Muratorii</strong></span> <span class='ocrx_word' id='word_1_63' title='bbox 1203 1183 1231 1243; x_wconf 89' lang='lat' dir='ltr'><strong>p.</strong></span> <span class='ocrx_word' id='word_1_64' title='bbox 1252 1155 1324 1232; x_wconf 79' lang='lat'><strong>397,</strong></span> <span class='ocrx_word' id='word_1_65' title='bbox 1345 1160 1366 1221; x_wconf 99' lang='grc'><strong>4</strong></span> <span class='ocrx_word' id='word_1_66' title='bbox 1387 1157 1505 1222; x_wconf 89' lang='lat' dir='ltr'><strong>etiamsi</strong></span> 
     </span>
     <span class='ocr_line' id='line_1_8' title="bbox 261 1260 1506 1344; baseline -0.004 -18"><span class='ocrx_word' id='word_1_67' title='bbox 261 1263 405 1344; x_wconf 85' lang='lat' dir='ltr'><strong>genuinus</strong></span> <span class='ocrx_word' id='word_1_68' title='bbox 429 1263 485 1337; x_wconf 84' lang='lat' dir='ltr'><strong>sit,</strong></span> <span class='ocrx_word' id='word_1_69' title='bbox 511 1262 631 1342; x_wconf 88' lang='lat' dir='ltr'><strong>probari</strong></span> <span class='ocrx_word' id='word_1_70' title='bbox 662 1281 749 1343; x_wconf 90' lang='lat' dir='ltr'><strong>posse</strong></span> <span class='ocrx_word' id='word_1_71' title='bbox 772 1283 936 1339; x_wconf 66' lang='lat' dir='ltr'><strong>consenum</strong></span> <span class='ocrx_word' id='word_1_72' title='bbox 958 1263 1036 1344; x_wconf 92' lang='lat' dir='ltr'><strong>quod</strong></span> <span class='ocrx_word' id='word_1_73' title='bbox 1059 1282 1111 1326; x_wconf 90' lang='lat' dir='ltr'><strong>cur</strong></span> <span class='ocrx_word' id='word_1_74' title='bbox 1131 1263 1176 1327; x_wconf 86' lang='lat' dir='ltr'><strong>ite</strong></span> <span class='ocrx_word' id='word_1_75' title='bbox 1197 1281 1261 1324; x_wconf 89' lang='lat' dir='ltr'><strong>esse</strong></span> <span class='ocrx_word' id='word_1_76' title='bbox 1284 1260 1506 1334; x_wconf 78' lang='lat' dir='ltr'><strong>existimemus,</strong></span> 
     </span>
     <span class='ocr_line' id='line_1_9' title="bbox 262 1363 1005 1446; baseline -0.001 -20"><span class='ocrx_word' id='word_1_77' title='bbox 262 1384 300 1427; x_wconf 86' lang='lat' dir='ltr'><strong>ex</strong></span> <span class='ocrx_word' id='word_1_78' title='bbox 320 1364 358 1426; x_wconf 88' lang='lat' dir='ltr'><strong>iis</strong></span> <span class='ocrx_word' id='word_1_79' title='bbox 379 1383 445 1445; x_wconf 80' lang='lat' dir='ltr'><strong>quu</strong></span> <span class='ocrx_word' id='word_1_80' title='bbox 467 1383 537 1426; x_wconf 91' lang='lat' dir='ltr'><strong>mox</strong></span> <span class='ocrx_word' id='word_1_81' title='bbox 558 1363 708 1438; x_wconf 87' lang='lat' dir='ltr'><strong>dicentur,</strong></span> <span class='ocrx_word' id='word_1_82' title='bbox 730 1363 816 1426; x_wconf 81' lang='lat' dir='ltr'><strong>facile</strong></span> <span class='ocrx_word' id='word_1_83' title='bbox 838 1363 1005 1446; x_wconf 86' lang='lat' dir='ltr'><strong>apparebit.</strong></span> 
     </span>
    </p>

    <p class='ocr_par' dir='ltr' id='par_1_3' title="bbox 258 1460 1508 2754">
     <span class='ocr_line' id='line_1_10' title="bbox 343 1460 1505 1546; baseline -0.003 -20"><span class='ocrx_word' id='word_1_84' title='bbox 343 1465 415 1546; x_wconf 93' lang='lat' dir='ltr'><strong>quid</strong></span> <span class='ocrx_word' id='word_1_85' title='bbox 435 1464 524 1544; x_wconf 92' lang='lat' dir='ltr'><strong>igitur</strong></span> <span class='ocrx_word' id='word_1_86' title='bbox 536 1462 603 1526; x_wconf 85' lang='lat' dir='ltr'><strong>eliis</strong></span> <span class='ocrx_word' id='word_1_87' title='bbox 614 1463 737 1544; x_wconf 86' lang='lat' dir='ltr'><strong>negotiis</strong></span> <span class='ocrx_word' id='word_1_88' title='bbox 749 1463 963 1546; x_wconf 85' lang='lat' dir='ltr'><strong>imperatorum</strong></span> <span class='ocrx_word' id='word_1_89' title='bbox 975 1464 1159 1545; x_wconf 84' lang='lat' dir='ltr'><strong>temporibus</strong></span> <span class='ocrx_word' id='word_1_90' title='bbox 1170 1461 1298 1524; x_wconf 88' lang='lat' dir='ltr'><strong>sublatis</strong></span> <span class='ocrx_word' id='word_1_91' title='bbox 1309 1468 1415 1541; x_wconf 87' lang='lat' dir='ltr'><strong>praeter</strong></span> <span class='ocrx_word' id='word_1_92' title='bbox 1427 1460 1505 1522; x_wconf 88' lang='lat' dir='ltr'><strong>hene</strong></span> 
     </span>
     <span class='ocr_line' id='line_1_11' title="bbox 262 1549 1503 1646; baseline -0.006 -17"><span class='ocrx_word' id='word_1_93' title='bbox 262 1567 429 1629; x_wconf 81' lang='lat' dir='ltr'><strong>orationum</strong></span> <span class='ocrx_word' id='word_1_94' title='bbox 451 1584 553 1627; x_wconf 87' lang='lat' dir='ltr'><strong>curam</strong></span> <span class='ocrx_word' id='word_1_95' title='bbox 575 1564 773 1646; x_wconf 80' lang='lat' dir='ltr'><strong>quaestoribus</strong></span> <span class='ocrx_word' id='word_1_96' title='bbox 796 1565 919 1627; x_wconf 89' lang='lat' dir='ltr'><strong>urbanis</strong></span> <span class='ocrx_word' id='word_1_97' title='bbox 937 1549 1106 1646; x_wconf 78' lang='lat' dir='ltr'><strong>superfuit?</strong></span> <span class='ocrx_word' id='word_1_98' title='bbox 1126 1583 1215 1645; x_wconf 91' lang='lat' dir='ltr'><strong>quam</strong></span> <span class='ocrx_word' id='word_1_99' title='bbox 1228 1562 1299 1624; x_wconf 89' lang='lat' dir='ltr'><strong>mibi</strong></span> <span class='ocrx_word' id='word_1_100' title='bbox 1311 1561 1503 1644; x_wconf 87' lang='lat' dir='ltr'><strong>quaestionern</strong></span> 
     </span>
     <span class='ocr_line' id='line_1_12' title="bbox 261 1659 1506 1747; baseline -0.003 -19"><span class='ocrx_word' id='word_1_101' title='bbox 261 1667 372 1747; x_wconf 87' lang='lat' dir='ltr'><strong>optime</strong></span> <span class='ocrx_word' id='word_1_102' title='bbox 393 1666 571 1746; x_wconf 88' lang='lat' dir='ltr'><strong>Marquardt</strong></span> <span class='ocrx_word' id='word_1_103' title='bbox 591 1667 623 1728; x_wconf 93' lang='lat' dir='ltr'><strong>II</strong></span> <span class='ocrx_word' id='word_1_104' title='bbox 644 1665 664 1725; x_wconf 84' lang='lat'><strong>3</strong></span> <span class='ocrx_word' id='word_1_105' title='bbox 685 1686 713 1745; x_wconf 93' lang='lat' dir='ltr'><strong>p.</strong></span> <span class='ocrx_word' id='word_1_106' title='bbox 735 1659 795 1728; x_wconf 75' lang='lat'><strong>257</strong></span> <span class='ocrx_word' id='word_1_107' title='bbox 817 1674 849 1728; x_wconf 91' lang='lat' dir='ltr'><strong>et</strong></span> <span class='ocrx_word' id='word_1_108' title='bbox 869 1666 919 1747; x_wconf 91' lang='lat' dir='ltr'><strong>qui</strong></span> <span class='ocrx_word' id='word_1_109' title='bbox 945 1685 1010 1729; x_wconf 92' lang='lat' dir='ltr'><strong>eum</strong></span> <span class='ocrx_word' id='word_1_110' title='bbox 1032 1665 1063 1727; x_wconf 93' lang='lat' dir='ltr'><strong>in</strong></span> <span class='ocrx_word' id='word_1_111' title='bbox 1086 1664 1143 1726; x_wconf 88' lang='lat' dir='ltr'><strong>hac</strong></span> <span class='ocrx_word' id='word_1_112' title='bbox 1163 1682 1195 1726; x_wconf 90' lang='lat' dir='ltr'><strong>rs</strong></span> <span class='ocrx_word' id='word_1_113' title='bbox 1216 1671 1336 1724; x_wconf 90' lang='lat' dir='ltr'><strong>secutus</strong></span> <span class='ocrx_word' id='word_1_114' title='bbox 1359 1671 1405 1724; x_wconf 90' lang='lat' dir='ltr'><strong>est</strong></span> <span class='ocrx_word' id='word_1_115' title='bbox 1421 1663 1506 1724; x_wconf 85' lang='lat' dir='ltr'><strong>Len-</strong></span> 
     </span>
     <span class='ocr_line' id='line_1_13' title="bbox 259 1763 1505 1847; baseline -0.003 -19"><span class='ocrx_word' id='word_1_116' title='bbox 259 1767 324 1847; x_wconf 90' lang='lat' dir='ltr'><strong>gius</strong></span> <span class='ocrx_word' id='word_1_117' title='bbox 356 1768 371 1829; x_wconf 94' lang='grc' dir='ltr'>Ι</span> <span class='ocrx_word' id='word_1_118' title='bbox 403 1787 432 1846; x_wconf 94' lang='lat' dir='ltr'><strong>p.</strong></span> <span class='ocrx_word' id='word_1_119' title='bbox 464 1764 525 1828; x_wconf 83' lang='lat'><strong>643</strong></span> <span class='ocrx_word' id='word_1_120' title='bbox 558 1765 736 1828; x_wconf 84' lang='lat' dir='ltr'><strong>diiudicasse</strong></span> <span class='ocrx_word' id='word_1_121' title='bbox 769 1766 916 1830; x_wconf 89' lang='lat' dir='ltr'><strong>uidentur.</strong></span> <span class='ocrx_word' id='word_1_122' title='bbox 966 1772 1090 1830; x_wconf 88' lang='lat' dir='ltr'><strong>censent</strong></span> <span class='ocrx_word' id='word_1_123' title='bbox 1122 1764 1200 1826; x_wconf 90' lang='lat' dir='ltr'><strong>enirn</strong></span> <span class='ocrx_word' id='word_1_124' title='bbox 1232 1764 1276 1825; x_wconf 92' lang='lat' dir='ltr'><strong>illi</strong></span> <span class='ocrx_word' id='word_1_125' title='bbox 1308 1763 1505 1846; x_wconf 85' lang='lat' dir='ltr'><strong>quaestoribus</strong></span> 
     </span>
     <span class='ocr_line' id='line_1_14' title="bbox 259 1864 1506 1947; baseline -0.005 -17"><span class='ocrx_word' id='word_1_126' title='bbox 259 1868 357 1930; x_wconf 84' lang='lat' dir='ltr'><strong>aerarii</strong></span> <span class='ocrx_word' id='word_1_127' title='bbox 388 1866 542 1946; x_wconf 78' lang='lat' dir='ltr'><strong>abrogatis</strong></span> <span class='ocrx_word' id='word_1_128' title='bbox 574 1885 625 1928; x_wconf 92' lang='lat' dir='ltr'><strong>eos</strong></span> <span class='ocrx_word' id='word_1_129' title='bbox 658 1867 825 1947; x_wconf 87' lang='lat' dir='ltr'><strong>appellatos</strong></span> <span class='ocrx_word' id='word_1_130' title='bbox 858 1887 921 1928; x_wconf 90' lang='lat' dir='ltr'><strong>esse</strong></span> <span class='ocrx_word' id='word_1_131' title='bbox 943 1868 1092 1940; x_wconf 84' lang='lat' dir='ltr'><strong>mbanoa,</strong></span> <span class='ocrx_word' id='word_1_132' title='bbox 1114 1865 1180 1947; x_wconf 92' lang='lat' dir='ltr'><strong>qui,</strong></span> <span class='ocrx_word' id='word_1_133' title='bbox 1201 1875 1235 1928; x_wconf 91' lang='lat' dir='ltr'><strong>ut</strong></span> <span class='ocrx_word' id='word_1_134' title='bbox 1256 1864 1446 1944; x_wconf 90' lang='lat' dir='ltr'><strong>cognouimus</strong></span> <span class='ocrx_word' id='word_1_135' title='bbox 1469 1883 1506 1925; x_wconf 86' lang='lat' dir='ltr'><strong>ex</strong></span> 
     </span>
     <span class='ocr_line' id='line_1_15' title="bbox 259 1964 1507 2053; baseline -0.004 -23"><span class='ocrx_word' id='word_1_136' title='bbox 259 1967 356 2030; x_wconf 89' lang='lat' dir='ltr'><strong>Dione</strong></span> <span class='ocrx_word' id='word_1_137' title='bbox 388 1968 530 2030; x_wconf 88' lang='lat' dir='ltr'>XLVIII</span> <span class='ocrx_word' id='word_1_138' title='bbox 560 1987 584 2028; x_wconf 91' lang='lat' dir='ltr'><strong>c.</strong></span> <span class='ocrx_word' id='word_1_139' title='bbox 616 1966 657 2028; x_wconf 83' lang='lat'><strong>43</strong></span> <span class='ocrx_word' id='word_1_140' title='bbox 686 1965 731 2053; x_wconf 87' lang='lat' dir='ltr'><strong>(a.</strong></span> <span class='ocrx_word' id='word_1_141' title='bbox 753 1987 781 2028; x_wconf 87' lang='lat' dir='ltr'><strong>a.</strong></span> <span class='ocrx_word' id='word_1_142' title='bbox 810 1967 865 2031; x_wconf 81' lang='lat' dir='ltr'><strong>Oh.</strong></span> <span class='ocrx_word' id='word_1_143' title='bbox 887 1964 944 2052; x_wconf 77' lang='lat'><strong>37)</strong></span> <span class='ocrx_word' id='word_1_144' title='bbox 966 1967 1030 2031; x_wconf 92' lang='lat' dir='ltr'><strong>bini</strong></span> <span class='ocrx_word' id='word_1_145' title='bbox 1051 1966 1174 2048; x_wconf 90' lang='lat' dir='ltr'><strong>singulis</strong></span> <span class='ocrx_word' id='word_1_146' title='bbox 1196 1965 1365 2028; x_wconf 89' lang='lat' dir='ltr'><strong>consulibus</strong></span> <span class='ocrx_word' id='word_1_147' title='bbox 1387 1964 1451 2026; x_wconf 89' lang='lat' dir='ltr'><strong>dati</strong></span> <span class='ocrx_word' id='word_1_148' title='bbox 1473 1983 1507 2025; x_wconf 88' lang='lat' dir='ltr'><strong>a·</strong></span> 
     </span>
     <span class='ocr_line' id='line_1_16' title="bbox 259 2063 1507 2151; baseline -0.001 -23"><span class='ocrx_word' id='word_1_149' title='bbox 259 2077 329 2132; x_wconf 85' lang='lat' dir='ltr'><strong>rant</strong></span> <span class='ocrx_word' id='word_1_150' title='bbox 350 2087 482 2150; x_wconf 89' lang='lat' dir='ltr'><strong>quosque</strong></span> <span class='ocrx_word' id='word_1_151' title='bbox 504 2067 627 2130; x_wconf 85' lang='lat' dir='ltr'><strong>Tacitus</strong></span> <span class='ocrx_word' id='word_1_152' title='bbox 648 2066 730 2130; x_wconf 90' lang='lat' dir='ltr'><strong>Anu.</strong></span> <span class='ocrx_word' id='word_1_153' title='bbox 751 2069 832 2132; x_wconf 89' lang='lat' dir='ltr'><strong>XVI</strong></span> <span class='ocrx_word' id='word_1_154' title='bbox 853 2088 878 2130; x_wconf 88' lang='lat' dir='ltr'><strong>e.</strong></span> <span class='ocrx_word' id='word_1_155' title='bbox 900 2069 940 2130; x_wconf 88' lang='grc'><strong>34</strong></span> <span class='ocrx_word' id='word_1_156' title='bbox 962 2075 1125 2150; x_wconf 75' lang='lat' dir='ltr'><strong>questores</strong></span> <span class='ocrx_word' id='word_1_157' title='bbox 1147 2065 1275 2129; x_wconf 91' lang='lat' dir='ltr'><strong>consulis</strong></span> <span class='ocrx_word' id='word_1_158' title='bbox 1291 2065 1423 2148; x_wconf 88' lang='lat' dir='ltr'><strong>appellat</strong></span> <span class='ocrx_word' id='word_1_159' title='bbox 1438 2063 1507 2151; x_wconf 86' lang='lat' dir='ltr'><strong>(cfr.</strong></span> 
     </span>
     <span class='ocr_line' id='line_1_17' title="bbox 259 2165 1507 2251; baseline -0.002 -20"><span class='ocrx_word' id='word_1_160' title='bbox 259 2169 347 2232; x_wconf 91' lang='lat' dir='ltr'><strong>Dion.</strong></span> <span class='ocrx_word' id='word_1_161' title='bbox 380 2169 465 2232; x_wconf 82' lang='lat' dir='ltr'><strong>Gaas.</strong></span> <span class='ocrx_word' id='word_1_162' title='bbox 498 2168 606 2230; x_wconf 90' lang='lat' dir='ltr'>LVIII</span> <span class='ocrx_word' id='word_1_163' title='bbox 638 2188 663 2230; x_wconf 92' lang='lat' dir='ltr'><strong>c.</strong></span> <span class='ocrx_word' id='word_1_164' title='bbox 697 2166 752 2251; x_wconf 89' lang='grc'><strong>4.).</strong></span> <span class='ocrx_word' id='word_1_165' title='bbox 795 2169 872 2249; x_wconf 93' lang='lat' dir='ltr'><strong>quod</strong></span> <span class='ocrx_word' id='word_1_166' title='bbox 903 2169 1011 2232; x_wconf 86' lang='lat' dir='ltr'><strong>uelox</strong></span> <span class='ocrx_word' id='word_1_167' title='bbox 1033 2167 1373 2251; x_wconf 85' lang='lat' dir='ltr'><strong>aosequiturquodin</strong></span> <span class='ocrx_word' id='word_1_168' title='bbox 1396 2165 1507 2238; x_wconf 89' lang='lat' dir='ltr'><strong>titulis,</strong></span> 
     </span>
     <span class='ocr_line' id='line_1_18' title="bbox 258 2267 1507 2353; baseline -0.002 -21"><span class='ocrx_word' id='word_1_169' title='bbox 258 2289 348 2350; x_wconf 91' lang='lat' dir='ltr'><strong>quum</strong></span> <span class='ocrx_word' id='word_1_170' title='bbox 380 2271 516 2353; x_wconf 88' lang='lat' dir='ltr'><strong>frequens</strong></span> <span class='ocrx_word' id='word_1_171' title='bbox 544 2268 669 2330; x_wconf 89' lang='lat' dir='ltr'><strong>aliorum</strong></span> <span class='ocrx_word' id='word_1_172' title='bbox 701 2276 881 2349; x_wconf 74' lang='lat' dir='ltr'><strong>questurum</strong></span> <span class='ocrx_word' id='word_1_173' title='bbox 903 2289 1043 2350; x_wconf 84' lang='lat' dir='ltr'><strong>generum</strong></span> <span class='ocrx_word' id='word_1_174' title='bbox 1066 2269 1177 2332; x_wconf 87' lang='lat' dir='ltr'><strong>mentio</strong></span> <span class='ocrx_word' id='word_1_175' title='bbox 1198 2269 1267 2343; x_wconf 87' lang='lat' dir='ltr'><strong>fiat,</strong></span> <span class='ocrx_word' id='word_1_176' title='bbox 1290 2286 1438 2348; x_wconf 79' lang='lat' dir='ltr'><strong>nusquam</strong></span> <span class='ocrx_word' id='word_1_177' title='bbox 1459 2267 1507 2329; x_wconf 92' lang='lat' dir='ltr'><strong>iu·</strong></span> 
     </span>
     <span class='ocr_line' id='line_1_19' title="bbox 260 2367 1507 2453; baseline -0.002 -21"><span class='ocrx_word' id='word_1_178' title='bbox 260 2371 417 2434; x_wconf 88' lang='lat' dir='ltr'><strong>ueniuntur</strong></span> <span class='ocrx_word' id='word_1_179' title='bbox 438 2378 600 2453; x_wconf 72' lang='lat' dir='ltr'><strong>quaestores</strong></span> <span class='ocrx_word' id='word_1_180' title='bbox 623 2369 767 2444; x_wconf 88' lang='lat' dir='ltr'><strong>consulis,</strong></span> <span class='ocrx_word' id='word_1_181' title='bbox 789 2379 823 2433; x_wconf 93' lang='lat' dir='ltr'><strong>ut</strong></span> <span class='ocrx_word' id='word_1_182' title='bbox 843 2378 989 2451; x_wconf 86' lang='lat' dir='ltr'><strong>appareat</strong></span> <span class='ocrx_word' id='word_1_183' title='bbox 1009 2389 1117 2432; x_wconf 88' lang='lat' dir='ltr'><strong>nomen</strong></span> <span class='ocrx_word' id='word_1_184' title='bbox 1139 2370 1320 2432; x_wconf 89' lang='lat' dir='ltr'><strong>urbanorum</strong></span> <span class='ocrx_word' id='word_1_185' title='bbox 1342 2369 1382 2429; x_wconf 87' lang='lat' dir='ltr'><strong>ad</strong></span> <span class='ocrx_word' id='word_1_186' title='bbox 1399 2388 1449 2430; x_wconf 95' lang='lat' dir='ltr'><strong>eos</strong></span> <span class='ocrx_word' id='word_1_187' title='bbox 1464 2367 1507 2430; x_wconf 90' lang='lat' dir='ltr'><strong>si-</strong></span> 
     </span>
     <span class='ocr_line' id='line_1_20' title="bbox 259 2468 1508 2552; baseline -0.004 -18"><span class='ocrx_word' id='word_1_188' title='bbox 259 2472 442 2550; x_wconf 85' lang='lat' dir='ltr'><strong>gnificandos</strong></span> <span class='ocrx_word' id='word_1_189' title='bbox 464 2471 493 2532; x_wconf 90' lang='lat' dir='ltr'><strong>in</strong></span> <span class='ocrx_word' id='word_1_190' title='bbox 512 2470 638 2551; x_wconf 90' lang='lat' dir='ltr'><strong>publicis</strong></span> <span class='ocrx_word' id='word_1_191' title='bbox 654 2471 764 2534; x_wconf 85' lang='lat' dir='ltr'><strong>tabulis</strong></span> <span class='ocrx_word' id='word_1_192' title='bbox 774 2490 890 2552; x_wconf 90' lang='lat' dir='ltr'><strong>semper</strong></span> <span class='ocrx_word' id='word_1_193' title='bbox 901 2479 1078 2552; x_wconf 84' lang='lat' dir='ltr'><strong>usurpatum</strong></span> <span class='ocrx_word' id='word_1_194' title='bbox 1091 2471 1191 2534; x_wconf 91' lang='lat' dir='ltr'><strong>fuisse.</strong></span> <span class='ocrx_word' id='word_1_195' title='bbox 1224 2469 1414 2551; x_wconf 91' lang='lat' dir='ltr'><strong>quamobrem</strong></span> <span class='ocrx_word' id='word_1_196' title='bbox 1430 2468 1508 2531; x_wconf 89' lang='lat' dir='ltr'><strong>mul-</strong></span> 
     </span>
     <span class='ocr_line' id='line_1_21' title="bbox 258 2568 1508 2652; baseline -0.003 -18"><span class='ocrx_word' id='word_1_197' title='bbox 258 2580 322 2635; x_wconf 91' lang='lat' dir='ltr'><strong>tum</strong></span> <span class='ocrx_word' id='word_1_198' title='bbox 354 2572 432 2635; x_wconf 88' lang='lat' dir='ltr'><strong>iuter</strong></span> <span class='ocrx_word' id='word_1_199' title='bbox 463 2572 593 2634; x_wconf 87' lang='lat' dir='ltr'><strong>urbanos</strong></span> <span class='ocrx_word' id='word_1_200' title='bbox 625 2579 656 2632; x_wconf 90' lang='lat' dir='ltr'><strong>et</strong></span> <span class='ocrx_word' id='word_1_201' title='bbox 682 2579 846 2652; x_wconf 78' lang='lat' dir='ltr'><strong>quaestores</strong></span> <span class='ocrx_word' id='word_1_202' title='bbox 867 2571 1008 2652; x_wconf 90' lang='lat' dir='ltr'><strong>principia</strong></span> <span class='ocrx_word' id='word_1_203' title='bbox 1029 2571 1201 2634; x_wconf 83' lang='lat' dir='ltr'><strong>interfuisse</strong></span> <span class='ocrx_word' id='word_1_204' title='bbox 1224 2589 1344 2632; x_wconf 88' lang='lat' dir='ltr'><strong>necesse</strong></span> <span class='ocrx_word' id='word_1_205' title='bbox 1367 2579 1428 2639; x_wconf 84' lang='lat' dir='ltr'><strong>est.</strong></span> <span class='ocrx_word' id='word_1_206' title='bbox 1450 2568 1508 2630; x_wconf 92' lang='lat' dir='ltr'><strong>nisi</strong></span> 
     </span>
     <span class='ocr_line' id='line_1_22' title="bbox 260 2671 921 2754; baseline 0 -20"><span class='ocrx_word' id='word_1_207' title='bbox 260 2673 337 2736; x_wconf 85' lang='lat' dir='ltr'><strong>forta</strong></span> <span class='ocrx_word' id='word_1_208' title='bbox 359 2672 423 2754; x_wconf 89' lang='lat' dir='ltr'><strong>ipse</strong></span> <span class='ocrx_word' id='word_1_209' title='bbox 445 2671 583 2752; x_wconf 91' lang='lat' dir='ltr'><strong>princeps</strong></span> <span class='ocrx_word' id='word_1_210' title='bbox 606 2671 707 2734; x_wconf 90' lang='lat' dir='ltr'><strong>consul</strong></span> <span class='ocrx_word' id='word_1_211' title='bbox 729 2679 803 2734; x_wconf 83' lang='lat' dir='ltr'><strong>erat</strong></span> <span class='ocrx_word' id='word_1_212' title='bbox 919 2698 921 2701; x_wconf 61' lang='grc'>’</span> 
     </span>
    </p>

    <p class='ocr_par' dir='ltr' id='par_1_4' title="bbox 260 2769 1509 4663">
     <span class='ocr_line' id='line_1_23' title="bbox 341 2769 1506 2854; baseline -0.004 -20"><span class='ocrx_word' id='word_1_213' title='bbox 341 2792 455 2835; x_wconf 90' lang='lat' dir='ltr'><strong>annuos</strong></span> <span class='ocrx_word' id='word_1_214' title='bbox 487 2791 557 2834; x_wconf 89' lang='lat' dir='ltr'><strong>uero</strong></span> <span class='ocrx_word' id='word_1_215' title='bbox 579 2771 633 2832; x_wconf 91' lang='lat' dir='ltr'><strong>hos</strong></span> <span class='ocrx_word' id='word_1_216' title='bbox 655 2771 744 2834; x_wconf 89' lang='lat' dir='ltr'><strong>fuisse</strong></span> <span class='ocrx_word' id='word_1_217' title='bbox 766 2792 861 2852; x_wconf 89' lang='lat' dir='ltr'><strong>neque</strong></span> <span class='ocrx_word' id='word_1_218' title='bbox 883 2781 916 2834; x_wconf 90' lang='lat' dir='ltr'><strong>ut</strong></span> <span class='ocrx_word' id='word_1_219' title='bbox 938 2772 1074 2835; x_wconf 90' lang='lat' dir='ltr'><strong>consules</strong></span> <span class='ocrx_word' id='word_1_220' title='bbox 1096 2791 1149 2854; x_wconf 90' lang='lat' dir='ltr'><strong>per</strong></span> <span class='ocrx_word' id='word_1_221' title='bbox 1171 2771 1237 2833; x_wconf 92' lang='lat' dir='ltr'><strong>duo.</strong></span> <span class='ocrx_word' id='word_1_222' title='bbox 1251 2769 1417 2851; x_wconf 82' lang='lat' dir='ltr'><strong>saepissima</strong></span> <span class='ocrx_word' id='word_1_223' title='bbox 1438 2776 1506 2830; x_wconf 83' lang='lat' dir='ltr'><strong>ten·</strong></span> 
     </span>
     <span class='ocr_line' id='line_1_24' title="bbox 260 2867 1509 2954; baseline -0.004 -20"><span class='ocrx_word' id='word_1_224' title='bbox 260 2881 322 2935; x_wconf 87' lang='lat' dir='ltr'><strong>lum</strong></span> <span class='ocrx_word' id='word_1_225' title='bbox 356 2892 473 2935; x_wconf 88' lang='lat' dir='ltr'><strong>menses</strong></span> <span class='ocrx_word' id='word_1_226' title='bbox 498 2871 595 2934; x_wconf 80' lang='lat' dir='ltr'><strong>officio</strong></span> <span class='ocrx_word' id='word_1_227' title='bbox 623 2872 757 2945; x_wconf 91' lang='lat' dir='ltr'><strong>functos,</strong></span> <span class='ocrx_word' id='word_1_228' title='bbox 779 2873 888 2952; x_wconf 87' lang='lat' dir='ltr'><strong>probat</strong></span> <span class='ocrx_word' id='word_1_229' title='bbox 913 2874 971 2954; x_wconf 81' lang='lat' dir='ltr'><strong>Ep.</strong></span> <span class='ocrx_word' id='word_1_230' title='bbox 992 2872 1086 2935; x_wconf 92' lang='lat' dir='ltr'><strong>Plinii</strong></span> <span class='ocrx_word' id='word_1_231' title='bbox 1107 2873 1178 2935; x_wconf 88' lang='lat' dir='ltr'><strong>min.</strong></span> <span class='ocrx_word' id='word_1_232' title='bbox 1200 2871 1279 2933; x_wconf 91' lang='lat' dir='ltr'>VIII</span> <span class='ocrx_word' id='word_1_233' title='bbox 1300 2871 1349 2932; x_wconf 85' lang='lat'><strong>23.</strong></span> <span class='ocrx_word' id='word_1_234' title='bbox 1392 2867 1509 2931; x_wconf 88' lang='lat' dir='ltr'><strong>iuueni-</strong></span> 
     </span>
     <span class='ocr_line' id='line_1_25' title="bbox 260 2969 1508 3054; baseline -0.002 -20"><span class='ocrx_word' id='word_1_235' title='bbox 260 2972 359 3034; x_wconf 90' lang='lat' dir='ltr'><strong>turin</strong></span> <span class='ocrx_word' id='word_1_236' title='bbox 380 2971 620 3052; x_wconf 80' lang='lat' dir='ltr'><strong>inscriptionibus</strong></span> <span class='ocrx_word' id='word_1_237' title='bbox 642 2971 698 3033; x_wconf 90' lang='lat' dir='ltr'><strong>hoc</strong></span> <span class='ocrx_word' id='word_1_238' title='bbox 719 2979 897 3053; x_wconf 87' lang='lat' dir='ltr'><strong>quaestomm</strong></span> <span class='ocrx_word' id='word_1_239' title='bbox 919 2993 1011 3054; x_wconf 89' lang='lat' dir='ltr'><strong>genus</strong></span> <span class='ocrx_word' id='word_1_240' title='bbox 1033 2991 1128 3054; x_wconf 90' lang='lat' dir='ltr'><strong>usque</strong></span> <span class='ocrx_word' id='word_1_241' title='bbox 1151 2972 1189 3033; x_wconf 89' lang='lat' dir='ltr'><strong>ad</strong></span> <span class='ocrx_word' id='word_1_242' title='bbox 1211 2979 1348 3052; x_wconf 89' lang='lat' dir='ltr'><strong>tempora</strong></span> <span class='ocrx_word' id='word_1_243' title='bbox 1369 2969 1508 3052; x_wconf 88' lang='lat' dir='ltr'><strong>Septimii</strong></span> 
     </span>
     <span class='ocr_line' id='line_1_26' title="bbox 261 3067 1507 3154; baseline -0.002 -18"><span class='ocrx_word' id='word_1_244' title='bbox 261 3073 378 3146; x_wconf 86' lang='lat' dir='ltr'><strong>Seueri,</strong></span> <span class='ocrx_word' id='word_1_245' title='bbox 417 3083 485 3136; x_wconf 87' lang='lat' dir='ltr'><strong>nam</strong></span> <span class='ocrx_word' id='word_1_246' title='bbox 517 3070 672 3134; x_wconf 83' lang='lat' dir='ltr'><strong>Fabianus</strong></span> <span class='ocrx_word' id='word_1_247' title='bbox 706 3072 754 3133; x_wconf 92' lang='lat' dir='ltr'><strong>ille</strong></span> <span class='ocrx_word' id='word_1_248' title='bbox 791 3072 843 3154; x_wconf 95' lang='lat' dir='ltr'><strong>qui</strong></span> <span class='ocrx_word' id='word_1_249' title='bbox 874 3081 1058 3136; x_wconf 87' lang='lat' dir='ltr'><strong>memoratur</strong></span> <span class='ocrx_word' id='word_1_250' title='bbox 1090 3072 1183 3136; x_wconf 90' lang='lat' dir='ltr'><strong>Orelli</strong></span> <span class='ocrx_word' id='word_1_251' title='bbox 1214 3067 1297 3134; x_wconf 80' lang='lat'>2274</span> <span class='ocrx_word' id='word_1_252' title='bbox 1328 3091 1385 3134; x_wconf 89' lang='lat' dir='ltr'><strong>non</strong></span> <span class='ocrx_word' id='word_1_253' title='bbox 1418 3071 1507 3134; x_wconf 87' lang='lat' dir='ltr'><strong>facila</strong></span> 
     </span>
     <span class='ocr_line' id='line_1_27' title="bbox 261 3171 1507 3255; baseline 0 -21"><span class='ocrx_word' id='word_1_254' title='bbox 261 3173 337 3236; x_wconf 88' lang='lat' dir='ltr'><strong>alius</strong></span> <span class='ocrx_word' id='word_1_255' title='bbox 368 3192 434 3236; x_wconf 90' lang='lat' dir='ltr'><strong>asse</strong></span> <span class='ocrx_word' id='word_1_256' title='bbox 466 3179 583 3253; x_wconf 89' lang='lat' dir='ltr'><strong>potest,</strong></span> <span class='ocrx_word' id='word_1_257' title='bbox 615 3191 704 3252; x_wconf 87' lang='lat' dir='ltr'><strong>quam</strong></span> <span class='ocrx_word' id='word_1_258' title='bbox 735 3171 761 3234; x_wconf 93' lang='lat' dir='ltr'><strong>is</strong></span> <span class='ocrx_word' id='word_1_259' title='bbox 792 3172 843 3255; x_wconf 92' lang='lat' dir='ltr'><strong>qui</strong></span> <span class='ocrx_word' id='word_1_260' title='bbox 870 3173 972 3236; x_wconf 90' lang='lat' dir='ltr'><strong>consul</strong></span> <span class='ocrx_word' id='word_1_261' title='bbox 995 3175 1095 3236; x_wconf 88' lang='lat' dir='ltr'><strong>factus</strong></span> <span class='ocrx_word' id='word_1_262' title='bbox 1118 3182 1165 3236; x_wconf 89' lang='lat' dir='ltr'><strong>est</strong></span> <span class='ocrx_word' id='word_1_263' title='bbox 1186 3193 1215 3254; x_wconf 92' lang='lat' dir='ltr'><strong>p.</strong></span> <span class='ocrx_word' id='word_1_264' title='bbox 1238 3173 1293 3236; x_wconf 84' lang='lat' dir='ltr'><strong>Ob.</strong></span> <span class='ocrx_word' id='word_1_265' title='bbox 1316 3173 1386 3235; x_wconf 84' lang='lat'><strong>201.</strong></span> <span class='ocrx_word' id='word_1_266' title='bbox 1429 3173 1507 3254; x_wconf 92' lang='lat' dir='ltr'><strong>quod</strong></span> 
     </span>
     <span class='ocr_line' id='line_1_28' title="bbox 261 3270 1508 3358; baseline -0.002 -22"><span class='ocrx_word' id='word_1_267' title='bbox 261 3272 338 3336; x_wconf 89' lang='lat' dir='ltr'><strong>enim</strong></span> <span class='ocrx_word' id='word_1_268' title='bbox 366 3271 548 3354; x_wconf 90' lang='lat' dir='ltr'><strong>Borghesius</strong></span> <span class='ocrx_word' id='word_1_269' title='bbox 570 3270 696 3358; x_wconf 89' lang='lat' dir='ltr'><strong>(Bullat.</strong></span> <span class='ocrx_word' id='word_1_270' title='bbox 719 3273 776 3334; x_wconf 91' lang='lat' dir='ltr'><strong>del’</strong></span> <span class='ocrx_word' id='word_1_271' title='bbox 797 3273 914 3336; x_wconf 80' lang='lat' dir='ltr'><strong>ist-italo</strong></span> <span class='ocrx_word' id='word_1_272' title='bbox 937 3275 967 3336; x_wconf 93' lang='lat' dir='ltr'><strong>di</strong></span> <span class='ocrx_word' id='word_1_273' title='bbox 989 3274 1256 3354; x_wconf 87' lang='lat' dir='ltr'><strong>correspondenziu</strong></span> <span class='ocrx_word' id='word_1_274' title='bbox 1276 3273 1404 3336; x_wconf 86' lang='lat' dir='ltr'><strong>ereheol.</strong></span> <span class='ocrx_word' id='word_1_275' title='bbox 1430 3273 1508 3336; x_wconf 84' lang='lat'>1852</span> 
     </span>
     <span class='ocr_line' id='line_1_29' title="bbox 260 3371 1507 3459; baseline -0.002 -22"><span class='ocrx_word' id='word_1_276' title='bbox 260 3395 290 3456; x_wconf 91' lang='lat' dir='ltr'><strong>p.</strong></span> <span class='ocrx_word' id='word_1_277' title='bbox 322 3371 380 3459; x_wconf 80' lang='lat'><strong>56)</strong></span> <span class='ocrx_word' id='word_1_278' title='bbox 413 3394 451 3436; x_wconf 84' lang='lat' dir='ltr'><strong>cx</strong></span> <span class='ocrx_word' id='word_1_279' title='bbox 483 3393 518 3436; x_wconf 89' lang='lat' dir='ltr'><strong>eo</strong></span> <span class='ocrx_word' id='word_1_280' title='bbox 549 3373 637 3435; x_wconf 90' lang='lat' dir='ltr'><strong>titulo</strong></span> <span class='ocrx_word' id='word_1_281' title='bbox 658 3393 745 3454; x_wconf 94' lang='lat' dir='ltr'><strong>quem</strong></span> <span class='ocrx_word' id='word_1_282' title='bbox 779 3382 885 3453; x_wconf 91' lang='lat' dir='ltr'><strong>postea</strong></span> <span class='ocrx_word' id='word_1_283' title='bbox 913 3394 1034 3437; x_wconf 91' lang='lat' dir='ltr'><strong>numero</strong></span> <span class='ocrx_word' id='word_1_284' title='bbox 1055 3374 1138 3450; x_wconf 70' lang='lat'><strong>5954</strong></span> <span class='ocrx_word' id='word_1_285' title='bbox 1158 3376 1331 3436; x_wconf 83' lang='lat' dir='ltr'><strong>HennenIus</strong></span> <span class='ocrx_word' id='word_1_286' title='bbox 1354 3374 1507 3450; x_wconf 85' lang='lat' dir='ltr'><strong>distinxit,</strong></span> 
     </span>
     <span class='ocr_line' id='line_1_30' title="bbox 261 3473 1507 3554; baseline -0.003 -16"><span class='ocrx_word' id='word_1_287' title='bbox 261 3475 418 3538; x_wconf 86' lang='lat' dir='ltr'><strong>ostendere</strong></span> <span class='ocrx_word' id='word_1_288' title='bbox 450 3482 576 3537; x_wconf 91' lang='lat' dir='ltr'><strong>conatus</strong></span> <span class='ocrx_word' id='word_1_289' title='bbox 598 3484 645 3537; x_wconf 88' lang='lat' dir='ltr'><strong>est</strong></span> <span class='ocrx_word' id='word_1_290' title='bbox 665 3476 707 3536; x_wconf 90' lang='lat' dir='ltr'><strong>M.</strong></span> <span class='ocrx_word' id='word_1_291' title='bbox 730 3473 880 3548; x_wconf 88' lang='lat' dir='ltr'><strong>Tineium,</strong></span> <span class='ocrx_word' id='word_1_292' title='bbox 901 3475 984 3542; x_wconf 90' lang='lat' dir='ltr'><strong>cuius</strong></span> <span class='ocrx_word' id='word_1_293' title='bbox 1006 3475 1049 3537; x_wconf 95' lang='lat' dir='ltr'><strong>ibi</strong></span> <span class='ocrx_word' id='word_1_294' title='bbox 1070 3475 1244 3551; x_wconf 74' lang='lat' dir='ltr'><strong>maudoit,</strong></span> <span class='ocrx_word' id='word_1_295' title='bbox 1265 3476 1302 3537; x_wconf 92' lang='lat' dir='ltr'><strong>iis</strong></span> <span class='ocrx_word' id='word_1_296' title='bbox 1322 3475 1507 3554; x_wconf 87' lang='lat' dir='ltr'><strong>temporibus</strong></span> 
     </span>
     <span class='ocr_line' id='line_1_31' title="bbox 260 3561 1508 3657; baseline -0.002 -19"><span class='ocrx_word' id='word_1_297' title='bbox 260 3576 370 3639; x_wconf 87' lang='lat' dir='ltr'><strong>uixisse</strong></span> <span class='ocrx_word' id='word_1_298' title='bbox 401 3595 490 3657; x_wconf 90' lang='lat' dir='ltr'><strong>quum</strong></span> <span class='ocrx_word' id='word_1_299' title='bbox 519 3575 578 3637; x_wconf 89' lang='lat' dir='ltr'><strong>iam</strong></span> <span class='ocrx_word' id='word_1_300' title='bbox 611 3574 780 3638; x_wconf 87' lang='lat' dir='ltr'><strong>tribunatus</strong></span> <span class='ocrx_word' id='word_1_301' title='bbox 813 3585 843 3638; x_wconf 90' lang='lat' dir='ltr'><strong>at</strong></span> <span class='ocrx_word' id='word_1_302' title='bbox 874 3561 1005 3643; x_wconf 78' lang='lat' dir='ltr'><strong>aedilitas</strong></span> <span class='ocrx_word' id='word_1_303' title='bbox 1039 3585 1223 3652; x_wconf 84' lang='lat' dir='ltr'><strong>cessassent,</strong></span> <span class='ocrx_word' id='word_1_304' title='bbox 1255 3577 1273 3637; x_wconf 93' lang='lat' dir='ltr'><strong>i.</strong></span> <span class='ocrx_word' id='word_1_305' title='bbox 1300 3596 1325 3637; x_wconf 91' lang='lat' dir='ltr'><strong>e.</strong></span> <span class='ocrx_word' id='word_1_306' title='bbox 1348 3583 1508 3656; x_wconf 87' lang='lat' dir='ltr'><strong>postquem</strong></span> 
     </span>
     <span class='ocr_line' id='line_1_32' title="bbox 260 3675 1507 3750; baseline -0.002 -11"><span class='ocrx_word' id='word_1_307' title='bbox 260 3677 390 3740; x_wconf 89' lang='lat' dir='ltr'><strong>Seuerus</strong></span> <span class='ocrx_word' id='word_1_308' title='bbox 411 3676 588 3738; x_wconf 86' lang='lat' dir='ltr'><strong>Alexander</strong></span> <span class='ocrx_word' id='word_1_309' title='bbox 610 3695 726 3738; x_wconf 87' lang='lat' dir='ltr'><strong>cursum</strong></span> <span class='ocrx_word' id='word_1_310' title='bbox 747 3676 890 3739; x_wconf 88' lang='lat' dir='ltr'><strong>honorum</strong></span> <span class='ocrx_word' id='word_1_311' title='bbox 905 3676 1118 3750; x_wconf 83' lang='lat' dir='ltr'><strong>contraxisset,</strong></span> <span class='ocrx_word' id='word_1_312' title='bbox 1139 3677 1218 3739; x_wconf 89' lang='lat' dir='ltr'><strong>idem</strong></span> <span class='ocrx_word' id='word_1_313' title='bbox 1234 3695 1366 3739; x_wconf 91' lang='lat' dir='ltr'><strong>summus</strong></span> <span class='ocrx_word' id='word_1_314' title='bbox 1388 3675 1433 3737; x_wconf 94' lang='lat' dir='ltr'><strong>uir</strong></span> <span class='ocrx_word' id='word_1_315' title='bbox 1448 3675 1507 3737; x_wconf 88' lang='lat' dir='ltr'><strong>allo</strong></span> 
     </span>
     <span class='ocr_line' id='line_1_33' title="bbox 260 3773 1507 3861; baseline -0.002 -23"><span class='ocrx_word' id='word_1_316' title='bbox 260 3777 324 3840; x_wconf 90' lang='lat' dir='ltr'><strong>loeo</strong></span> <span class='ocrx_word' id='word_1_317' title='bbox 356 3775 425 3861; x_wconf 89' lang='lat' dir='ltr'><strong>(cfr.</strong></span> <span class='ocrx_word' id='word_1_318' title='bbox 458 3796 550 3858; x_wconf 85' lang='lat' dir='ltr'><strong>supra</strong></span> <span class='ocrx_word' id='word_1_319' title='bbox 580 3797 605 3840; x_wconf 93' lang='lat' dir='ltr'><strong>c.</strong></span> <span class='ocrx_word' id='word_1_320' title='bbox 640 3778 654 3838; x_wconf 96' lang='lat' dir='ltr'><strong>l</strong></span> <span class='ocrx_word' id='word_1_321' title='bbox 689 3776 704 3858; x_wconf 70' lang='lat' dir='ltr'><strong>q</strong></span> <span class='ocrx_word' id='word_1_322' title='bbox 735 3773 771 3859; x_wconf 88' lang='lat'><strong>4)</strong></span> <span class='ocrx_word' id='word_1_323' title='bbox 799 3777 829 3838; x_wconf 95' lang='lat' dir='ltr'><strong>id</strong></span> <span class='ocrx_word' id='word_1_324' title='bbox 852 3777 1067 3840; x_wconf 88' lang='lat' dir='ltr'><strong>consuetudine</strong></span> <span class='ocrx_word' id='word_1_325' title='bbox 1090 3785 1181 3839; x_wconf 88' lang='lat' dir='ltr'><strong>antea</strong></span> <span class='ocrx_word' id='word_1_326' title='bbox 1202 3796 1319 3859; x_wconf 90' lang='lat' dir='ltr'><strong>quoque</strong></span> <span class='ocrx_word' id='word_1_327' title='bbox 1342 3775 1507 3839; x_wconf 86' lang='lat' dir='ltr'><strong>obtinuisse</strong></span> 
     </span>
     <span class='ocr_line' id='line_1_34' title="bbox 260 3876 1508 3958; baseline -0.002 -19"><span class='ocrx_word' id='word_1_328' title='bbox 260 3877 364 3953; x_wconf 87' lang='lat' dir='ltr'><strong>docet;</strong></span> <span class='ocrx_word' id='word_1_329' title='bbox 396 3896 453 3958; x_wconf 93' lang='lat' dir='ltr'><strong>quo</strong></span> <span class='ocrx_word' id='word_1_330' title='bbox 481 3884 702 3958; x_wconf 83' lang='lat' dir='ltr'><strong>argumentum,</strong></span> <span class='ocrx_word' id='word_1_331' title='bbox 724 3877 800 3956; x_wconf 89' lang='lat' dir='ltr'><strong>quod</strong></span> <span class='ocrx_word' id='word_1_332' title='bbox 821 3897 860 3938; x_wconf 89' lang='lat' dir='ltr'><strong>ex</strong></span> <span class='ocrx_word' id='word_1_333' title='bbox 881 3897 916 3939; x_wconf 92' lang='lat' dir='ltr'><strong>eo</strong></span> <span class='ocrx_word' id='word_1_334' title='bbox 937 3877 1028 3940; x_wconf 77' lang='lat' dir='ltr'><strong>titudo</strong></span> <span class='ocrx_word' id='word_1_335' title='bbox 1050 3878 1128 3940; x_wconf 84' lang='lat' dir='ltr'><strong>auuri</strong></span> <span class='ocrx_word' id='word_1_336' title='bbox 1148 3878 1262 3958; x_wconf 90' lang='lat' dir='ltr'><strong>potuit,</strong></span> <span class='ocrx_word' id='word_1_337' title='bbox 1284 3878 1373 3958; x_wconf 88' lang='lat' dir='ltr'><strong>plane</strong></span> <span class='ocrx_word' id='word_1_338' title='bbox 1396 3876 1508 3938; x_wconf 89' lang='lat' dir='ltr'><strong>euerti-</strong></span> 
     </span>
     <span class='ocr_line' id='line_1_35' title="bbox 260 3977 1507 4058; baseline -0.002 -17"><span class='ocrx_word' id='word_1_339' title='bbox 260 3988 318 4041; x_wconf 89' lang='lat' dir='ltr'><strong>tur.</strong></span> <span class='ocrx_word' id='word_1_340' title='bbox 361 3997 453 4058; x_wconf 87' lang='lat' dir='ltr'><strong>neque</strong></span> <span class='ocrx_word' id='word_1_341' title='bbox 485 3997 555 4040; x_wconf 90' lang='lat' dir='ltr'><strong>nero</strong></span> <span class='ocrx_word' id='word_1_342' title='bbox 587 3997 653 4039; x_wconf 88' lang='lat' dir='ltr'><strong>cum</strong></span> <span class='ocrx_word' id='word_1_343' title='bbox 685 3977 891 4058; x_wconf 86' lang='lat' dir='ltr'><strong>Marquardtio</strong></span> <span class='ocrx_word' id='word_1_344' title='bbox 925 3986 956 4039; x_wconf 92' lang='lat' dir='ltr'><strong>et</strong></span> <span class='ocrx_word' id='word_1_345' title='bbox 987 3978 1103 4058; x_wconf 81' lang='lat' dir='ltr'><strong>LangIo</strong></span> <span class='ocrx_word' id='word_1_346' title='bbox 1129 3979 1308 4042; x_wconf 86' lang='lat' dir='ltr'><strong>contendere</strong></span> <span class='ocrx_word' id='word_1_347' title='bbox 1336 3995 1426 4038; x_wconf 88' lang='lat' dir='ltr'><strong>ansus</strong></span> <span class='ocrx_word' id='word_1_348' title='bbox 1451 3977 1507 4038; x_wconf 91' lang='lat' dir='ltr'><strong>sim</strong></span> 
     </span>
     <span class='ocr_line' id='line_1_36' title="bbox 261 4077 1509 4160; baseline -0.001 -19"><span class='ocrx_word' id='word_1_349' title='bbox 261 4078 473 4160; x_wconf 82' lang='lat' dir='ltr'><strong>posterioribus</strong></span> <span class='ocrx_word' id='word_1_350' title='bbox 505 4077 687 4158; x_wconf 88' lang='lat' dir='ltr'><strong>temporibus</strong></span> <span class='ocrx_word' id='word_1_351' title='bbox 720 4079 860 4155; x_wconf 85' lang='lat' dir='ltr'><strong>praelecto</strong></span> <span class='ocrx_word' id='word_1_352' title='bbox 893 4078 958 4139; x_wconf 91' lang='lat' dir='ltr'><strong>urbi</strong></span> <span class='ocrx_word' id='word_1_353' title='bbox 990 4077 1047 4139; x_wconf 89' lang='lat' dir='ltr'><strong>hoa</strong></span> <span class='ocrx_word' id='word_1_354' title='bbox 1074 4087 1236 4160; x_wconf 86' lang='lat' dir='ltr'><strong>quaestores</strong></span> <span class='ocrx_word' id='word_1_355' title='bbox 1258 4079 1349 4140; x_wconf 88' lang='lat' dir='ltr'><strong>fuisse</strong></span> <span class='ocrx_word' id='word_1_356' title='bbox 1370 4077 1509 4140; x_wconf 90' lang='lat' dir='ltr'><strong>subditos</strong></span> 
     </span>
     <span class='ocr_line' id='line_1_37' title="bbox 260 4176 1508 4261; baseline -0.002 -19"><span class='ocrx_word' id='word_1_357' title='bbox 260 4200 349 4260; x_wconf 92' lang='lat' dir='ltr'><strong>quum</strong></span> <span class='ocrx_word' id='word_1_358' title='bbox 381 4177 454 4242; x_wconf 91' lang='lat' dir='ltr'><strong>nihil</strong></span> <span class='ocrx_word' id='word_1_359' title='bbox 486 4177 567 4240; x_wconf 89' lang='lat' dir='ltr'><strong>aliod</strong></span> <span class='ocrx_word' id='word_1_360' title='bbox 600 4197 638 4239; x_wconf 83' lang='lat' dir='ltr'><strong>ex</strong></span> <span class='ocrx_word' id='word_1_361' title='bbox 668 4176 941 4257; x_wconf 85' lang='lat' dir='ltr'><strong>praeacriptionibus</strong></span> <span class='ocrx_word' id='word_1_362' title='bbox 972 4178 1052 4242; x_wconf 87' lang='lat' dir='ltr'><strong>tituli</strong></span> <span class='ocrx_word' id='word_1_363' title='bbox 1084 4179 1179 4261; x_wconf 87' lang='lat' dir='ltr'><strong>quinti</strong></span> <span class='ocrx_word' id='word_1_364' title='bbox 1200 4179 1268 4241; x_wconf 92' lang='lat' dir='ltr'><strong>libri</strong></span> <span class='ocrx_word' id='word_1_365' title='bbox 1289 4178 1367 4240; x_wconf 86' lang='lat' dir='ltr'><strong>sexti</strong></span> <span class='ocrx_word' id='word_1_366' title='bbox 1389 4177 1508 4240; x_wconf 81' lang='lat' dir='ltr'><strong>Codicis</strong></span> 
     </span>
     <span class='ocr_line' id='line_1_38' title="bbox 262 4277 1507 4360; baseline -0.002 -17"><span class='ocrx_word' id='word_1_367' title='bbox 262 4277 463 4343; x_wconf 87' lang='lat' dir='ltr'><strong>Theodosiani</strong></span> <span class='ocrx_word' id='word_1_368' title='bbox 500 4287 580 4340; x_wconf 91' lang='lat' dir='ltr'><strong>recte</strong></span> <span class='ocrx_word' id='word_1_369' title='bbox 613 4277 749 4340; x_wconf 92' lang='lat' dir='ltr'><strong>concludi</strong></span> <span class='ocrx_word' id='word_1_370' title='bbox 781 4297 868 4358; x_wconf 90' lang='lat' dir='ltr'><strong>possa</strong></span> <span class='ocrx_word' id='word_1_371' title='bbox 900 4277 985 4340; x_wconf 90' lang='lat' dir='ltr'><strong>nobis</strong></span> <span class='ocrx_word' id='word_1_372' title='bbox 1017 4280 1167 4352; x_wconf 85' lang='lat' dir='ltr'><strong>uideatur,</strong></span> <span class='ocrx_word' id='word_1_373' title='bbox 1199 4298 1289 4360; x_wconf 88' lang='lat' dir='ltr'><strong>quam</strong></span> <span class='ocrx_word' id='word_1_374' title='bbox 1322 4298 1387 4340; x_wconf 91' lang='lat' dir='ltr'><strong>eam</strong></span> <span class='ocrx_word' id='word_1_375' title='bbox 1419 4279 1507 4342; x_wconf 89' lang='lat' dir='ltr'><strong>modo</strong></span> 
     </span>
     <span class='ocr_line' id='line_1_39' title="bbox 263 4377 1507 4461; baseline -0.001 -18"><span class='ocrx_word' id='word_1_376' title='bbox 263 4401 328 4444; x_wconf 90' lang='lat' dir='ltr'><strong>cnm</strong></span> <span class='ocrx_word' id='word_1_377' title='bbox 350 4380 397 4442; x_wconf 91' lang='lat' dir='ltr'><strong>his</strong></span> <span class='ocrx_word' id='word_1_378' title='bbox 418 4379 612 4461; x_wconf 82' lang='lat' dir='ltr'><strong>quaestoribus</strong></span> <span class='ocrx_word' id='word_1_379' title='bbox 633 4379 791 4458; x_wconf 82' lang='lat' dir='ltr'><strong>praefectos</strong></span> <span class='ocrx_word' id='word_1_380' title='bbox 813 4387 845 4440; x_wconf 86' lang='lat' dir='ltr'><strong>et</strong></span> <span class='ocrx_word' id='word_1_381' title='bbox 866 4377 932 4440; x_wconf 92' lang='lat' dir='ltr'><strong>urbi</strong></span> <span class='ocrx_word' id='word_1_382' title='bbox 954 4387 985 4441; x_wconf 91' lang='lat' dir='ltr'><strong>et</strong></span> <span class='ocrx_word' id='word_1_383' title='bbox 1006 4379 1144 4460; x_wconf 82' lang='lat' dir='ltr'><strong>praetorio</strong></span> <span class='ocrx_word' id='word_1_384' title='bbox 1160 4377 1393 4442; x_wconf 90' lang='lat' dir='ltr'><strong>coniunctionem</strong></span> <span class='ocrx_word' id='word_1_385' title='bbox 1409 4378 1507 4442; x_wconf 89' lang='lat' dir='ltr'><strong>babu-</strong></span> 
     </span>
     <span class='ocr_line' id='line_1_40' title="bbox 261 4478 1507 4560; baseline -0.001 -16"><span class='ocrx_word' id='word_1_386' title='bbox 261 4482 337 4557; x_wconf 87' lang='lat' dir='ltr'><strong>isse,</strong></span> <span class='ocrx_word' id='word_1_387' title='bbox 369 4489 403 4544; x_wconf 85' lang='lat' dir='ltr'><strong>ut</strong></span> <span class='ocrx_word' id='word_1_388' title='bbox 423 4479 559 4542; x_wconf 90' lang='lat' dir='ltr'><strong>uiderent</strong></span> <span class='ocrx_word' id='word_1_389' title='bbox 580 4499 616 4541; x_wconf 91' lang='lat' dir='ltr'><strong>ne</strong></span> <span class='ocrx_word' id='word_1_390' title='bbox 638 4478 713 4552; x_wconf 89' lang='lat' dir='ltr'><strong>ludi,</strong></span> <span class='ocrx_word' id='word_1_391' title='bbox 734 4497 856 4560; x_wconf 90' lang='lat' dir='ltr'><strong>quorum</strong></span> <span class='ocrx_word' id='word_1_392' title='bbox 878 4480 1058 4544; x_wconf 90' lang='lat' dir='ltr'><strong>edendorum</strong></span> <span class='ocrx_word' id='word_1_393' title='bbox 1082 4499 1187 4542; x_wconf 89' lang='lat' dir='ltr'><strong>munus</strong></span> <span class='ocrx_word' id='word_1_394' title='bbox 1209 4480 1255 4541; x_wconf 89' lang='lat' dir='ltr'><strong>bis</strong></span> <span class='ocrx_word' id='word_1_395' title='bbox 1276 4479 1438 4544; x_wconf 89' lang='lat' dir='ltr'><strong>iniunctum</strong></span> <span class='ocrx_word' id='word_1_396' title='bbox 1457 4501 1507 4543; x_wconf 87' lang='lat' dir='ltr'><strong>es-</strong></span> 
     </span>
     <span class='ocr_line' id='line_1_41' title="bbox 263 4580 754 4663; baseline -0.002 -19"><span class='ocrx_word' id='word_1_397' title='bbox 263 4592 324 4656; x_wconf 89' lang='lat' dir='ltr'><strong>set,</strong></span> <span class='ocrx_word' id='word_1_398' title='bbox 345 4598 502 4663; x_wconf 85' lang='lat' dir='ltr'><strong>perperam</strong></span> <span class='ocrx_word' id='word_1_399' title='bbox 524 4580 754 4644; x_wconf 84' lang='lat' dir='ltr'><strong>celebrarentur.</strong></span> 
     </span>
    </p>
   </div>
   <div class='ocr_carea' id='block_1_3' title="bbox 0 0 1809 5552">
    <p class='ocr_par' dir='ltr' id='par_1_5' title="bbox 0 0 1809 5552">
     <span class='ocr_line' id='line_1_42' title="bbox 0 0 1809 5552; baseline 0 0"><span class='ocrx_word' id='word_1_400' title='bbox 0 0 1809 5552; x_wconf 95' lang='lat' dir='ltr'><strong> </strong></span> 
     </span>
    </p>
   </div>
  </div>
 </body>
</html>
