3602 5552
692 466 828 538 spartani
850 467 906 524 rita
926 465 1067 522 Hadriani.
1460 467 1497 522 el

257 641 348 703 etiam
371 638 517 702 maturius
540 638 579 701 ad
600 657 667 700 eum
689 640 829 706 honorem
851 638 1036 721 peruenerit,
1067 637 1093 700 si
1115 639 1186 722 quid
1206 639 1237 701 in
1259 638 1333 702 serie
1355 639 1499 702 honorum

258 762 324 804 eum
347 740 571 821 praetermisisse
593 749 741 820 putamus.

340 843 418 922 quod
450 841 576 922 danique
609 841 682 902 dicit
714 840 914 922 Gregorouius
939 841 959 902 l.
982 841 1001 902 l.
1023 861 1053 922 p.
1076 841 1095 902 3
1122 847 1153 902 et
1173 839 1198 902 is
1220 839 1270 921 qui
1292 859 1358 902 eum
1379 847 1499 904 secutus

258 944 456 1024 Ohampagny
487 941 682 1022 Spanianum
714 961 870 1023 perperam
892 942 1012 1016 laudat,
1033 942 1209 1021 prefectum
1229 941 1369 1023 praetorio
1391 941 1500 1004 Traia·

258 1064 325 1106 num
349 1043 441 1105 fuisse
463 1063 521 1124 quo
544 1062 581 1104 ex
603 1044 686 1105 fonte
707 1042 864 1106 hauserint
884 1043 1016 1104 inuenire
1039 1061 1098 1104 nou
1121 1042 1218 1124 potui,
1241 1061 1337 1124 neque
1359 1061 1499 1123 umquam

257 1165 304 1209 rue
336 1144 521 1206 inuenturum
555 1163 620 1206 esse
652 1163 751 1225 spero.
799 1144 880 1224 apud
910 1143 1023 1206 nullum
1056 1143 1132 1204 euim
1165 1162 1295 1225 nuquam
1322 1142 1498 1223 scriptorem

258 1245 377 1310 memini
397 1265 444 1306 me
467 1245 564 1326 legere
585 1252 756 1308 senatorem
777 1252 831 1307 aut
852 1244 969 1306 omnino
992 1263 1167 1325 quemquam
1194 1243 1252 1305 nisi
1277 1243 1408 1325 equitem
1434 1244 1500 1306 Ro-

258 1366 379 1410 manum
411 1355 482 1409 ante
514 1355 650 1427 tempora
672 1345 776 1410 Seueri
796 1345 964 1408 Alexandri
985 1344 1123 1428 (Lampr.
1145 1364 1171 1407 c.
1193 1342 1250 1427 21)
1272 1343 1408 1424 exceptis
1430 1343 1500 1408 Tito

258 1447 377 1510 Caesare
408 1455 440 1508 et
471 1449 597 1508 fortasse
631 1446 785 1510 Clemente
812 1445 955 1508 Arretino
976 1447 1184 1526 praefecturam
1207 1445 1339 1526 praetorii
1360 1444 1498 1524 gessisse.
1561 1461 1563 1464 ·

257 1567 438 1631 quamquam
459 1547 559 1610 Titum
581 1547 612 1610 iu
634 1547 766 1610 ordinem
789 1554 956 1629 equestrem
978 1546 1129 1608 transiisse
1144 1547 1273 1608 fortasse
1287 1545 1384 1626 colligi
1398 1555 1499 1626 potest

257 1669 295 1712 ex
316 1649 415 1711 uerbis
435 1649 527 1711 Plinii
548 1650 635 1722 mai,
657 1668 722 1732 quae
743 1656 813 1712 sunt
834 1648 864 1712 iu
885 1647 1061 1729 prelatione
1082 1647 1122 1708 H.
1145 1647 1183 1708 N.
1205 1644 1252 1708 his
1272 1644 1401 1710 nobilius
1420 1645 1497 1726 faci-

256 1751 310 1825 sti,
334 1749 408 1812 aum
428 1747 505 1812 ettad
521 1751 608 1833 patri
624 1750 743 1832 paraus
764 1758 791 1812 at
812 1747 940 1832 equestri
961 1746 1064 1812 ordini
1079 1756 1224 1832 praestas,
1240 1746 1404 1834 praefectus
1412 1767 1499 1832 prm·

257 1851 332 1914 tario
353 1850 426 1914 mus.
468 1859 630 1932 contraque
653 1851 763 1913 accidit
782 1851 836 1912 aad
858 1868 996 1930 perraro,
1017 1856 1051 1911 ut
1071 1848 1206 1930 praefecti
1226 1849 1366 1929 praetorio
1388 1847 1497 1930 inipso

257 1971 379 2014 munere
401 1963 557 2016 senatores
578 1953 700 2026 tierent,
730 1959 765 2014 ut
790 1951 916 2014 Seianus
938 1959 968 2011 et
991 1949 1043 2012 alii
1065 1947 1124 2033 (afr
1145 1948 1237 2012 Orelli
1258 1947 1328 2011 934.
1370 1949 1498 2012 Heuzen

257 2047 363 2137 5477).
387 2089 424 2098 »-
447 2049 579 2116 Coelium
600 2049 768 2116 Attianum.
809 2051 855 2114 ita
885 2050 1075 2114 scribendum
1101 2069 1167 2112 esse
1192 2049 1253 2112 iam
1278 2049 1354 2112 uidit
1375 2049 1496 2113 Salms-
1567 2048 1570 2051 ’

256 2154 334 2228 eius,
366 2154 416 2235 qui
446 2161 548 2218 tamen
581 2174 670 2236 quum
701 2153 732 2214 iu
759 2153 860 2216 codice
888 2151 1030 2214 Palatino
1051 2151 1097 2214 ita
1117 2171 1236 2232 semper
1256 2169 1323 2212 esse
1346 2151 1496 2224 affirmat,

256 2255 418 2337 paullulum
452 2255 572 2318 errauit.
615 2273 741 2336 namque
771 2253 938 2316 iuuenimus
960 2252 989 2315 h.
1011 2253 1032 2314 l.
1053 2252 1083 2315 iu
1104 2251 1245 2314 Palatino
1270 2251 1434 2326 maenum,
1466 2252 1495 2314 in

256 2356 472 2437 Bambergensi
502 2357 669 2430 tacianum,
701 2354 809 2417 ceteris
841 2355 914 2416 locis
942 2353 973 2416 hi
997 2353 1115 2416 codices
1146 2352 1233 2434 longe
1254 2351 1356 2432 optimi
1378 2371 1496 2433 semper

256 2457 368 2522 habent
399 2455 529 2520 anianus
560 2464 631 2532 cet,
665 2466 788 2537 excepto
816 2456 894 2536 quod
920 2454 951 2516 in
977 2453 1166 2536 paragrapho
1187 2452 1319 2534 septima
1340 2471 1406 2534 cap.
1428 2453 1448 2514 8
1469 2453 1496 2514 si

257 2557 446 2620 collationem
467 2577 487 2620 a
507 2559 616 2620 Petere
648 2559 762 2620 factam
794 2557 944 2638 sequimur
965 2555 995 2618 iu
1016 2563 1141 2636 utroque
1163 2553 1318 2616 inuenitur
1332 2552 1495 2628 mattham,

256 2659 304 2722 sin
335 2659 458 2722 Iordani
489 2667 519 2722 et
550 2657 780 2741 Eyssenhardtii
806 2657 979 2721 auctoritati
1000 2655 1191 2728 confidimus,
1213 2662 1330 2716 tautum
1350 2653 1381 2714 in
1402 2655 1495 2716 Bam-

256 2759 407 2839 bergensi3
428 2759 458 2822 in
480 2759 622 2822 Palatino
643 2778 696 2839 pro
718 2777 753 2820 eo
775 2758 854 2840 quod
875 2778 895 2820 a
914 2757 1011 2838 prima
1031 2754 1280 2835 manuscriptum
1295 2751 1496 2816 estatiainuas

257 2866 419 2922 correctum
442 2880 506 2924 esse
528 2861 684 2924 ananam.
728 2859 844 2922 accedit
865 2859 945 2940 qnod
966 2857 1057 2923 etiam
1079 2855 1159 2937 apud
1180 2855 1309 2918 Dionem
1330 2851 1456 2936 (LXIX
1481 2855 1494 2916 l

257 2961 302 3022 ed.
324 2961 415 3024 Sturz
437 2962 486 3024 IV
507 2980 536 3042 p.
558 2962 616 3024 351
642 2962 687 3024 cfr
708 2960 754 3020 VI
775 2979 804 3040 p.
826 2956 903 3043 644)
935 2958 1078 3038 scriptum
1104 2963 1152 3019 est
1175 2953 1195 3021 ὅ
1221 2948 1438 3028 muteronis.
1460 2973 1497 3018 ex

257 3080 313 3142 quo
346 3062 480 3124 Zonaras
513 3062 584 3124 fecit
610 3057 633 3124 d
666 3058 834 3134 Τατιανός.
877 3079 972 3140 neque
995 3058 1073 3122 euim
1095 3056 1293 3138 corruptionis
1315 3055 1442 3132 crimem
1463 3063 1498 3120 ut

257 3161 437 3224 Gasauhono
459 3172 490 3224 et
512 3161 655 3237 Gratum,
677 3181 751 3245 quos
773 3159 987 3242 Gregorouium
1009 3168 1040 3222 et
1061 3159 1257 3241 Ghampagny
1285 3165 1403 3234 secutae
1431 3177 1497 3220 esse

255 3252 397 3345 apparet,
419 3264 459 3325 ad
480 3263 671 3345 Xiphilinum
693 3263 883 3326 referendum
905 3269 966 3338 est3
988 3279 1076 3344 quum
1099 3259 1289 3342 perspicuum
1310 3259 1351 3320 sit
1371 3258 1445 3321 illud
1465 3280 1498 3322 rs

170 3411 173 3419 .
254 3365 283 3426 h.
306 3364 325 3428 l.
349 3363 520 3446 nentiquam
541 3365 725 3430 redundare:
748 3373 938 3447 opponuntur
959 3364 1038 3428 enim
1060 3359 1080 3426 d
1099 3383 1131 3424 aa
1147 3357 1310 3434 uesanos
1333 3393 1376 3411 —-
1402 3356 1497 3444 autri

253 3462 414 3528 Πλωττνα.

336 3567 373 3630 de
405 3567 461 3630 hoc
493 3586 564 3630 uero
592 3565 721 3631 Attiano
743 3565 810 3630 uide
831 3565 908 3628 intra
929 3585 954 3628 c.
975 3565 996 3630 4
1017 3564 1031 3646 ᾗ
1053 3566 1081 3626 2.
1104 3585 1129 3628 c.
1151 3565 1172 3628 5
1194 3565 1208 3648 d
1230 3563 1259 3628 5.
1282 3585 1307 3628 c.
1330 3560 1350 3626 9
1372 3562 1386 3644 ς
1409 3563 1428 3624 3
1449 3581 1494 3645 eq.

253 3689 277 3732 c.
302 3667 340 3732 15
362 3669 376 3750 d
398 3669 417 3729 2
437 3668 497 3731 Dio
518 3688 594 3732 cass.
616 3668 728 3732 LXlX
752 3669 779 3730 1.

336 3767 401 3851 §5.
445 3771 491 3832 cfr
510 3769 599 3834 Diou.
623 3769 708 3832 Cass.
730 3768 881 3832 Lxlxa
914 3765 1006 3852 φύσει
1039 3764 1210 3853 φιλολόγος
1242 3763 1277 3830 ἓν
1309 3764 1496 3858 anatramp

252 3866 384 3960 γλώσσῃ.
426 3868 530 3932 Aurel.
552 3871 634 3932 Vict.
656 3878 691 3932 ut
711 3869 808 3950 ipsius
829 3875 898 3931 utar
919 3869 1033 3943 uerbis,
1054 3869 1157 3932 studia
1178 3887 1244 3932 eum
1265 3867 1493 3932 Atheniensium

253 3972 388 4034 hausisse
409 3970 490 4032 dicit.
533 3990 571 4032 ex
592 3990 650 4052 quo
673 3971 801 4032 tortasse
823 3969 921 4050 colligi
941 3977 1042 4050 potest
1062 3969 1195 4032 Athenis
1216 3988 1282 4032 eum
1297 3969 1405 4032 litteris
1420 3988 1493 4051 ope-

252 4091 317 4136 ram
339 4071 467 4158 dedisse.
508 4071 562 4134 sed
591 4071 627 4133 de
656 4069 712 4132 hac
733 4089 764 4132 re
786 4067 860 4130 nihil
881 4079 1010 4133 constat.
1051 4070 1248 4134 Plutarchum
1271 4089 1338 4144 eum
1359 4089 1493 4152 precep-

252 4181 347 4236 torem
378 4171 519 4234 habuisse
551 4171 707 4234 contendit
737 4170 947 4251 Gregorouius.
997 4171 1032 4234 de
1055 4171 1133 4236 -aliis
1164 4169 1397 4253 preceptoribus
1424 4170 1493 4234 uide

252 4272 403 4338 Lamoum
423 4271 545 4336 Raceuil
567 4273 597 4336 d.
618 4272 706 4336 inser.
728 4273 877 4355 d’Egypte
898 4272 963 4376 19·
988 4273 1055 4334 130.
