3602 5552
323 515 363 574 te
806 525 896 580 Julius
917 522 1087 578 &namara

325 692 557 774 Mesopotamia
577 692 733 776 expellere
755 713 784 756 a.
807 713 837 774 p.
859 692 916 756 ch.
941 691 1009 756 lld.
1036 711 1106 774 quae
1127 692 1168 756 ob
1189 693 1302 756 marita
1321 695 1444 775 legatus
1464 693 1568 757 Pala·

324 794 416 857 atinae
450 796 551 858 lactus
584 802 642 858 est.
694 795 814 876 legatos
846 793 927 856 euim
960 812 1022 856 non
1047 801 1083 855 ιιι
1113 794 1240 874 putauit
1270 793 1462 876 Borghesius
1494 813 1569 876 pro-

325 904 483 960 curatores
504 915 525 958 a
546 895 681 959 Neronis
703 904 844 976 tempore
866 895 947 958 hano
968 893 1117 958 habuisse
1138 895 1333 975 prouinciam
1349 903 1432 958 recte
1449 895 1482 958 in
1497 896 1568 958 ado.

324 996 366 1058 ad
388 993 409 1058 l.
425 997 578 1078 Borghesi
601 998 740 1060 Hennen.
763 995 999 1060 demonstrauit.
1043 1001 1116 1077 post
1142 1014 1216 1058 nero
1238 1015 1307 1060 enm
1328 998 1381 1079 qni
1407 997 1569 1060 consulatu

324 1096 429 1160 nescio
452 1117 514 1179 quo
538 1117 620 1160 anno
642 1098 705 1160 iam
728 1098 849 1161 iunctus
872 1103 957 1158 esset
981 1095 1196 1177 proconsulem
1218 1095 1306 1160 Asia
1328 1099 1443 1160 iactum
1466 1103 1571 1160 censet

323 1197 529 1279 Borghesins,
561 1217 661 1280 neque
693 1198 883 1262 senteutiam
917 1197 1064 1272 mutauit,
1102 1215 1288 1279 quamquam
1322 1217 1449 1262 numum
1482 1197 1568 1261 illum

323 1299 557 1380 Hyrcanorum,
579 1319 618 1362 ex
639 1318 700 1381 quo
722 1300 822 1381 primo
844 1299 878 1361 id
899 1299 1034 1380 probare
1055 1297 1171 1371 noluit,
1192 1298 1234 1360 ad
1253 1299 1407 1362 Auidium
1422 1297 1569 1370 Quietum

324 1395 376 1482 (0.
398 1401 423 1462 Ι.
447 1401 485 1464 G.
507 1399 589 1464 3835
611 1408 643 1464 et
668 1403 704 1464 Τ.
726 1401 776 1463 III
797 1419 828 1481 p.
852 1396 948 1481 1064)
980 1399 1177 1462 referendum
1210 1418 1279 1462 esse
1304 1400 1373 1482 ipse
1401 1399 1571 1464 concedere

324 1508 450 1563 coactum
476 1508 540 1577 est,
573 1502 628 1564 sed
659 1501 692 1564 iu
726 1501 819 1564 saetis
851 1500 892 1562 ad
925 1519 997 1562 ann.
1018 1497 1081 1562 868
1106 1499 1250 1575 retinuit,
1279 1507 1361 1564 teste
1387 1502 1423 1563 L.
1444 1500 1570 1564 Ronier.

323 1600 356 1663 in
388 1601 461 1664 adn.
483 1602 523 1665 ad
545 1602 565 1664 l.
587 1601 741 1683 Borghesi
769 1621 806 1664 eo
834 1601 929 1664 etiam
961 1606 1104 1682 spectare
1131 1607 1226 1682 putat
1252 1600 1382 1665 uerbum
1407 1600 1571 1682 Spartiani

323 1703 509 1778 mammete,
542 1712 577 1765 ut
602 1702 800 1776 Hadrianus,
833 1721 894 1784 qna
915 1709 999 1764 esset
1020 1702 1154 1778 astutia,
1176 1702 1348 1784 equitatum
1371 1703 1569 1774 Maurorum,

324 1803 373 1865 oni
391 1811 551 1884 praeesset,
572 1803 601 1865 ei
617 1802 772 1866 ademerit
792 1803 885 1884 inque
906 1801 1103 1884 prouinciam
1114 1810 1242 1866 senatus
1254 1803 1423 1885 populique
1434 1802 1569 1866 Romani

324 1903 392 1966 sine
425 1903 544 1966 maiore
566 1903 630 1966 ullo
659 1903 798 1990 exercitu
823 1904 927 1985 specie
955 1903 1084 1966 honoris
1111 1904 1319 1967 transtulerit
1366 1904 1449 1986 quod
1476 1923 1570 1986 quum

323 2004 465 2068 refellere
487 2024 549 2068 uon
570 2005 708 2086 possim,
732 2005 832 2067 nimia
852 2011 958 2068 tamen
979 2005 1012 2066 in
1034 2023 1070 2066 eo
1093 2004 1169 2067 mihi
1191 2004 1317 2069 uidetur
1338 2005 1499 2070 subtilitas
1521 2005 1570 2068 iu-

324 2123 407 2180 esse,
438 2125 539 2188 neque
561 2105 674 2168 adduci
699 2123 843 2186 possum,
876 2113 911 2168 ut
937 2106 1061 2169 credam
1086 2106 1183 2170 uerba
1209 2105 1370 2188 Spartiani
1392 2106 1480 2170 illam
1501 2105 1570 2187 pati

323 2205 733 2289 interpretationemque
761 2206 948 2270 exarmandi
980 2226 1044 2271 uox
1072 2225 1140 2270 eam
1173 2207 1270 2270 habet
1294 2206 1377 2282 uim,
1409 2215 1446 2270 ut
1472 2206 1572 2288 sigui-

324 2306 397 2369 licet
428 2307 522 2370 alicui
554 2307 657 2371 inuito
690 2327 779 2370 arma
810 2307 934 2372 detrahi
965 2315 998 2370 et
1025 2307 1103 2371 dicit
1128 2325 1203 2370 mox
1235 2308 1422 2390 Spartianus
1450 2307 1489 2370 de
1518 2314 1571 2370 tn-

323 2406 425 2471 multu
446 2410 628 2472 Maurorum
656 2406 719 2493 (cir
740 2410 835 2472 etiarn
857 2428 953 2490 supra
974 2410 990 2491 d
1010 2406 1047 2494 2)
1072 2409 1105 2472 in
1126 2409 1327 2473 Mauretania
1348 2409 1571 2473 habitantium.

324 2529 424 2592 neque
456 2510 556 2574 locum
588 2511 636 2572 ita
671 2510 847 2592 intelligere
880 2510 1029 2573 debemus
1061 2518 1096 2573 ut
1127 2511 1336 2574 Mauretania
1368 2510 1572 2593 praepositum

324 2610 421 2674 inisse
442 2612 572 2675 Lusium
594 2612 770 2687 credamus,
792 2631 885 2694 quum
907 2611 1034 2674 minime
1055 2611 1099 2674 sit
1119 2611 1186 2676 neri
1207 2611 1308 2676 simile
1330 2612 1500 2676 Traianum
1522 2610 1573 2675 ui-

323 2731 392 2776 rum
414 2713 607 2777 consularem
630 2720 695 2776 tam
716 2714 865 2794 praeclare
888 2713 927 2775 de
948 2733 982 2775 se
1003 2713 1149 2776 meritum
1171 2731 1300 2794 paruam
1322 2713 1354 2776 in
1376 2713 1572 2794 prouinciam

324 2813 465 2891 misisse,
493 2833 559 2896 qua
588 2815 669 2878 alias
695 2813 979 2878 administrationis
1005 2815 1222 2895 procuratoris
1246 2821 1315 2878 erat
1335 2816 1424 2899 (Tac.
1440 2816 1481 2877 H.
1495 2814 1512 2876 Ι
1526 2811 1572 2896 6).

324 2914 362 2978 de
395 2916 508 2997 quibus
532 2916 673 2980 omnibus
696 2916 834 2979 uiderint
853 2914 915 2990 illi,
945 2915 997 2996 qui
1018 2935 1066 2978 mc
1088 2916 1238 2978 maiorem
1261 2915 1423 2980 scientiam
1445 2916 1571 2978 habeut.

323 3015 351 3080 si
362 3035 437 3080 uero
448 3017 703 3099 proconsulatum
716 3017 871 3100 quendam
883 3016 997 3098 gessit,
1018 3036 1144 3080 necesse
1156 3024 1206 3080 est
1221 3017 1378 3080 consulem
1390 3016 1488 3080 fuisse
1500 3023 1572 3078 aute

324 3136 395 3200 ap.
408 3118 465 3181 Oh.
478 3118 547 3194 115,
569 3119 624 3181 nbi
644 3119 735 3199 uulgo
757 3117 913 3181 consulem
935 3137 1002 3180 eum
1021 3118 1157 3192 iaciunt,
1179 3137 1272 3201 quum
1286 3117 1406 3200 legibus
1421 3124 1573 3182 statutum

324 3226 424 3292 esset,
444 3238 482 3281 ne
505 3217 574 3300 quis
596 3226 669 3282 aute
691 3218 933 3301 quinquennium
954 3228 1027 3300 post
1048 3218 1246 3282 consulatum
1261 3219 1426 3300 proconsul
1443 3220 1575 3282 lieretet

324 3318 452 3382 solitum
475 3326 558 3380 esset
579 3336 640 3380 non
662 3327 736 3381 ante
758 3319 910 3383 decimum
931 3339 1045 3382 annum
1067 3320 1322 3400 proconsulatum
1344 3320 1432 3384 Asiae
1447 3319 1572 3401 suscipi.

326 3425 375 3482 est
396 3425 502 3482 autem
524 3419 591 3482 haec
614 3420 652 3480 de
672 3419 762 3482 Lusii
785 3420 948 3482 consulatu
971 3419 1102 3501 questio
1124 3421 1322 3501 perobscura.
1367 3440 1464 3503 neque
1493 3421 1573 3484 enim

324 3519 489 3600 Borghesii
512 3519 650 3582 obtinuit
669 3520 843 3594 sententia,
866 3539 928 3600 qua
943 3520 1100 3582 consulem
1122 3540 1151 3582 a.
1173 3539 1205 3602 p.
1226 3520 1282 3583 Oh.
1301 3516 1359 3584 107
1381 3523 1478 3584 luisse
1500 3541 1574 3584 cen-

323 3622 415 3683 sebat
446 3640 544 3703 neque
577 3639 645 3684 eam
678 3627 792 3701 postea
822 3620 890 3701 ipse
924 3620 1064 3683 defendit
1090 3618 1161 3705 (cfr.
1183 3621 1290 3701 paullo
1318 3620 1448 3708 snpra).
1491 3623 1574 3686 idem

320 3721 422 3803 primo
455 3721 579 3785 initium
610 3720 849 3802 proconsulatus
882 3719 948 3782 eius
975 3719 1008 3782 in
1035 3719 1213 3802 Angustum
1246 3721 1322 3784 anni
1356 3719 1414 3786 lli
1437 3723 1573 3786 incidere

320 3830 497 3904 putruerat.
549 3822 669 3886 occisus
703 3829 751 3884 est
782 3820 896 3884 Lusius
929 3839 1013 3882 anno
1040 3841 1070 3903 p.
1099 3821 1156 3884 (lh.
1192 3822 1267 3898 118,
1300 3843 1361 3905 quo
1394 3823 1574 3888 Hadrianus

321 3923 493 4004 imperator
524 3924 661 4004 primum
687 3923 820 3986 Romam
845 3921 943 3984 uenit.
986 3923 1128 3986 maximae
1158 3933 1227 3986 erat
1259 3924 1300 3986 ad
1332 3930 1475 4006 posteros
1508 3944 1573 3986 me-

320 4024 425 4087 moriae
447 4025 506 4099 nir,
533 4031 569 4086 ut
590 4024 685 4086 etiam
710 4024 896 4086 Ammianus
918 4023 1135 4099 Marcellinus,
1167 4043 1261 4106 quum
1290 4025 1460 4088 Theodosii
1483 4025 1574 4087 belli-

321 4144 389 4188 cam
410 4125 542 4207 gloriam
563 4124 684 4200 laudat,
707 4145 775 4188 eum
796 4124 989 4188 simillimum
1012 4126 1108 4188 fuisse
1131 4125 1209 4189 dicit
1236 4125 1369 4190 Domitii
1388 4125 1573 4190 Corbulonis

322 4232 355 4290 ct
380 4226 471 4289 Lusii
503 4233 650 4290 ueterum.
677 4262 718 4272 -
739 4247 813 4310 quoe
838 4245 895 4307 pro
923 4246 999 4310 quas
1027 4227 1140 4308 optimi
1168 4226 1288 4290 habent
1312 4228 1434 4291 codices
1467 4233 1499 4288 et
1527 4234 1575 4298 est

321 4327 365 4390 ad
401 4347 543 4403 sensum,
585 4346 696 4410 quam.
717 4326 820 4390 Graeci
858 4324 984 4391 σύνεσιν
1016 4334 1146 4404 uocant,
1184 4328 1332 4392 instituta
1368 4327 1574 4405 constructio;

322 4427 413 4510 quasi
435 4429 586 4510 scripturn
608 4427 705 4492 luerit
724 4425 849 4490 sublatis
869 4426 1003 4492 Mauris.
1025 4465 1065 4474 -
1086 4426 1208 4492 Marcio
1232 4429 1377 4494 Turbone.
1405 4429 1477 4492 vide
1492 4429 1575 4493 inira

322 4547 348 4590 c.
369 4527 397 4592 6.
419 4530 435 4611 d
455 4524 485 4593 7.
694 4585 701 4590 ,
778 4581 783 4588 ,,

405 4630 421 4711 d
444 4630 491 4693 10.
533 4627 641 4694 Catilio
662 4627 783 4694 Seuero.
826 4630 862 4692 L.
885 4628 1021 4694 Catilius
1047 4631 1183 4694 Seuerus
1207 4628 1324 4717 (Orelli
1345 4629 1444 4716 2496)
1466 4627 1574 4706 consul

322 4727 437 4794 iterum
459 4749 531 4813 ap.
546 4730 605 4794 ch.
621 4731 680 4804 123
702 4751 768 4805 cum
783 4733 819 4794 T.
834 4729 964 4824 Aurelio
979 4730 1095 4812 Fuluo,
1118 4731 1170 4816 qui
1181 4739 1294 4818 postea
1304 4729 1484 4808 Antoninus
1493 4733 1573 4816 Pius
