3602 5552
355 529 393 584 50
836 526 926 580 Julius
949 525 1119 580 CeuIerrrall.

352 701 427 762 sium
459 698 541 762 illum
573 695 785 772 Senecionem,
816 697 866 778 qui
894 693 1018 759 Truiani
1040 695 1224 776 temporibus
1246 713 1363 757 summa
1383 692 1477 774 gloria
1497 692 1600 774 splen-

353 802 426 863 dens
458 809 563 884 quater
596 798 698 860 consul
730 797 802 871 luit,
834 797 938 880 cuique
970 798 1065 860 nrulta
1097 796 1212 859 Plinius
1244 796 1340 858 minor
1366 803 1397 856 et
1418 793 1600 855 Plutarchus

351 902 543 983 seripserunt.
576 937 617 946 -
648 897 769 962 Platori
799 897 936 982 Nepotes.
979 897 1083 979 optimi
1116 897 1165 960 hie
1196 897 1313 959 codices
1345 895 1459 957 habeut
1475 893 1600 978 pletori,

351 1021 441 1085 quam
473 1003 630 1066 lectionem
651 1007 753 1062 tuetur
773 1001 901 1062 Peterus
923 997 970 1084 (iu
994 998 1139 1060 addendis
1160 1018 1189 1079 p.
1212 994 1289 1081 361)
1311 999 1491 1059 Mommsen.
1513 996 1538 1056 I.
1560 995 1599 1056 R.

350 1104 388 1166 N.
421 1103 483 1166 414
505 1105 641 1176 afferens,
666 1101 706 1163 ad
727 1103 805 1182 quod
828 1101 937 1162 addere
959 1099 1059 1181 potuit
1079 1099 1176 1160 looum
1198 1098 1296 1160 Mauri
1318 1098 1368 1159 lib.
1390 1099 1410 1159 2
1433 1097 1470 1157 de
1492 1095 1599 1176 appel-

350 1204 512 1266 lationibus
534 1205 570 1266 L.
594 1205 609 1266 l
633 1222 680 1283 pr.
702 1202 741 1264 D.
764 1203 791 1264 si
812 1202 961 1284 pendente
983 1199 1089 1282 appell.
1111 1199 1169 1274 49,
1193 1200 1241 1260 13.
1264 1199 1316 1260 sed
1331 1198 1599 1278 uihiltameupro-

350 1305 482 1368 fecisset.
525 1305 605 1367 nullo
637 1303 715 1366 enim
737 1304 823 1366 modo
844 1302 915 1384 quia
942 1301 1055 1364 luerint
1075 1301 1223 1375 homines,
1244 1299 1351 1381 quibus
1377 1317 1483 1361 nomen
1510 1297 1600 1360 tuerit

348 1406 493 1480 Pletorio,
524 1406 602 1468 huus
638 1404 730 1466 etiam
761 1403 929 1466 Platorium
961 1403 1107 1484 Nepotem
1140 1401 1183 1464 ita
1216 1401 1399 1482 appellatum
1432 1398 1524 1460 luisse
1546 1417 1600 1460 ue-

349 1527 432 1570 essse
455 1517 510 1569 est.
549 1506 614 1588 pari
635 1505 750 1567 rationo
772 1504 894 1586 probari
915 1512 1035 1584 posset,
1057 1502 1135 1584 quod
1157 1502 1290 1565 Plaetorii
1312 1501 1397 1563 multi
1419 1499 1515 1580 gentis
1534 1498 1599 1580 ple-

348 1609 423 1669 beiae
456 1608 602 1689 prioribus
633 1607 817 1687 temporibus
850 1602 919 1688 (cfr.
952 1602 1046 1667 Orelli
1071 1602 1228 1666 Onomast.
1261 1602 1389 1665 Tullian.
1417 1621 1449 1681 p.
1469 1599 1531 1662 460
1552 1619 1598 1680 sq.

348 1709 464 1771 Eekhel
496 1710 511 1771 Ι
542 1729 571 1790 p.
599 1701 669 1769 273.
696 1707 852 1768 Akerman
873 1706 962 1768 Rom.
985 1703 1076 1767 Ooins
1097 1705 1113 1765 I
1135 1723 1163 1784 p.
1187 1697 1243 1786 72)
1266 1704 1391 1777 luerint,
1413 1702 1469 1764 hoo
1492 1721 1597 1762 nomen

349 1809 454 1872 litteris
486 1831 505 1870 a
537 1817 568 1870 et
589 1829 604 1870 e
625 1807 813 1869 scribendum
836 1827 908 1868 esse.
952 1825 1015 1886 quae
1037 1805 1216 1867 coniecturae
1237 1807 1407 1866 refutantur
1428 1821 1466 1864 ex
1487 1801 1599 1875 titulis,

347 1909 377 1972 iu
413 1909 520 1990 quibus
553 1908 653 1989 agitur
683 1908 719 1970 de
750 1909 807 1970 hoo
838 1908 903 1988 ipso
932 1907 1015 1968 euius
1047 1905 1095 1967 hio
1128 1906 1238 1967 mentio
1271 1906 1306 1967 lit
1331 1903 1482 1966 Platorio:
1506 1901 1599 1964 Orelli

348 2011 409 2072 822
437 2010 504 2073 coll.
530 2029 597 2072 eum
619 2011 745 2070 Heuzeu
766 2029 796 2089 p.
817 2009 857 2070 83
880 2009 933 2070 111.
956 2007 1102 2088 Borghesi
1123 2005 1235 2069 Oeuvr.
1258 2007 1335 2087 epig.
1357 2006 1372 2067 Ι
1394 2025 1422 2085 q.
1448 2004 1514 2065 123.
1558 2001 1598 2064 Α.

347 2109 485 2174 Platorio
507 2110 545 2172 A.
566 2110 598 2196 s.
619 2131 675 2172 ser.
698 2107 813 2193 Nepoti
834 2106 955 2194 Aponio
968 2106 1076 2170 Italion
1091 2105 1262 2170 Maniliano
1274 2103 1307 2170 0.
1320 2103 1443 2168 Licinio
1455 2103 1598 2167 Pollioni.

347 2220 394 2274 tot
425 2212 501 2274 enim
529 2211 699 2274 nominibus
721 2211 825 2272 horum
847 2221 1014 2290 temporum
1036 2209 1188 2290 prinsipes
1212 2209 1266 2270 uiri
1290 2208 1462 2289 gaudebant
1483 2214 1515 2267 et
1535 2206 1598 2266 fre-

347 2331 440 2393 quens
473 2312 597 2393 duplieis
618 2310 808 2392 praenonimis
830 2331 902 2372 usus
925 2308 1006 2394 erat)
1028 2330 1085 2371 eos.
1109 2329 1214 2392 anper.
1237 2308 1322 2393 legat.
1344 2329 1413 2391 unp.
1431 2327 1491 2391 pro
1509 2315 1596 2390 prat.

342 2412 480 2496 pronine.
503 2412 676 2475 Britannice
696 2410 750 2496 leq.
767 2431 827 2496 pro
844 2432 896 2496 pr.
914 2411 1053 2495 maniae.
1076 2406 1219 2474 German.
1241 2408 1380 2496 inferior.
1403 2406 1456 2491 leq.
1475 2427 1595 2491 propr.

343 2515 483 2598 pronius.
518 2513 625 2576 Ihroe.
657 2510 712 2595 leq.
745 2511 850 2595 lepion.
877 2511 1075 2574 Iadintrdeis
1097 2520 1198 2594 qnaest.
1215 2511 1338 2594 pronis.
1361 2508 1478 2572 Maced.
1501 2518 1596 2570 onrot.

347 2615 469 2678 uiarum
500 2611 612 2678 Cassiae
632 2611 767 2676 Claudia
789 2609 925 2676 Ciminios
945 2632 1030 2672 nonae
1054 2611 1193 2674 Troianae
1214 2610 1274 2694 (111
1295 2613 1413 2690 Zumpt.
1436 2609 1494 2671 Rh.
1517 2611 1595 2670 Mus.

349 2715 428 2778 1843
450 2737 478 2797 p.
500 2714 571 2779 286.
594 2715 738 2795 Borghesi
759 2714 868 2777 Oeuvr.
891 2713 982 2794 epigr.
1005 2712 1036 2774 II
1057 2732 1087 2792 p.
1106 2706 1165 2774 177
1180 2711 1241 2795 sq.)
1255 2711 1416 2774 earrdidoto
1430 2709 1498 2772 diui
1515 2709 1594 2771 Tra-

346 2817 413 2880 iani
432 2815 499 2879 trib.
521 2813 583 2879 mil.
605 2814 659 2899 lep.
682 2813 792 2877 XXII
807 2814 967 2898 primigen.
985 2835 1020 2898 p.
1034 2811 1064 2896 f.
1081 2822 1171 2897 pret.
1193 2811 1260 2875 trib.
1278 2811 1360 2896 pleb.
1381 2810 1594 2873 111111111-

341 2916 434 3002 pitali
456 2927 586 3002 patrono
607 2917 637 2978 d.
659 2917 689 2980 d.
711 2916 814 2978 existit
840 2916 930 2978 stiam
952 2915 981 2976 in
1005 2914 1091 2976 nouis
1114 2914 1287 2994 fragmentis
1310 2921 1443 2975 aetorum
1466 2913 1592 2974 fratrum

347 3019 493 3080 arualium
526 3039 591 3100 quae
613 3037 708 3100 uuper
735 3025 852 3098 reperta
876 3016 952 3078 libro
974 3015 1030 3077 hoo
1053 3034 1130 3076 anuo
1152 3015 1231 3076 edito
1258 3012 1351 3078 Seani
1370 3012 1418 3076 nel
1439 3011 1523 3076 bosco
1544 3011 1594 3074 dei

343 3117 458 3198 fratelli
492 3117 590 3182 arveii
627 3119 798 3181 Henzeuius
835 3117 1000 3180 illustrauit
1031 3115 1115 3201 (uide
1154 3116 1300 3196 Philolog.
1335 3113 1416 3178 1869
1447 3135 1477 3195 p.
1513 3110 1592 3197 468)

345 3219 472 3280 Platorii
504 3219 629 3300 Nepotis
662 3219 782 3282 mentio.
827 3239 864 3280 ex
886 3217 931 3279 his
954 3237 1023 3279 uero
1046 3218 1223 3298 fragmentis
1245 3224 1373 3297 apparet
1394 3235 1459 3276 eum
1483 3233 1591 3277 oonsu-

345 3319 404 3380 lem
436 3319 593 3381 suffectum
614 3319 705 3381 luisse
726 3339 764 3380 ex
784 3321 874 3381 Mart.
900 3318 959 3380 119
980 3338 1048 3380 cum
1068 3318 1140 3399 imp.
1163 3319 1329 3380 Hadriano.
1372 3335 1589 3378 commemora-

344 3427 395 3481 tur
425 3419 503 3480 iufra
530 3440 554 3481 o.
582 3419 620 3480 15
642 3428 673 3481 11
694 3420 743 3481 23.
786 3419 864 3481 lilius
886 3438 957 3480 uero
979 3419 1043 3480 eius
1065 3418 1105 3480 Α.
1127 3417 1282 3481 Plaetorios
1303 3419 1406 3498 Nepos
1429 3416 1589 3498 Calpurni-

345 3539 419 3582 anus
439 3520 591 3582 iuueuitur
612 3521 693 3600 apud
725 3520 847 3581 Heuzeu
869 3539 916 3580 uto
938 3514 1020 3580 5472
1045 3519 1098 3580 111.
1120 3519 1265 3598 Borghesi
1287 3519 1303 3580 l.
1326 3518 1345 3580 l.
1367 3519 1383 3579 I
1404 3538 1434 3599 p.
1459 3519 1527 3580 122.
1549 3553 1588 3564 --

343 3618 475 3684 Liuiani
498 3618 655 3684 Turbonis.
698 3620 777 3682 huno
798 3617 918 3681 minime
939 3637 1004 3682 esse
1026 3618 1173 3680 Marcium
1196 3619 1365 3680 Turbonem
1388 3619 1494 3700 dequo
1508 3618 1589 3680 infra

344 3721 460 3786 dicetur
481 3722 667 3804 perspicuum
690 3729 737 3783 est
758 3740 795 3782 ex
815 3717 910 3782 Orelli
931 3718 1001 3781 831.
1024 3717 1112 3780 Grut.
1135 3718 1205 3792 305,
1226 3719 1255 3780 3.

425 3824 441 3906 1
473 3825 501 3885 3.
543 3822 576 3884 in
607 3820 776 3906 adoptionis
802 3819 991 3906 sponsionem
1011 3820 1101 3882 uenit.
1123 3818 1241 3904 sponsio
1262 3820 1292 3882 h.
1315 3819 1333 3881 l.
1355 3819 1434 3882 idem
1457 3821 1519 3882 iere
1540 3828 1586 3883 est

343 3941 379 3985 ae
412 3943 493 4008 spes,
526 3932 558 3986 ut
580 3925 670 3986 etiam
696 3921 842 4008 spondere
863 3929 1026 4002 usurpatur
1046 3940 1100 4001 pro
1122 3939 1156 3982 eo
1179 3921 1257 4003 quod
1279 3930 1327 3983 est
1344 3917 1499 4000 facerent
1518 3941 1587 4004 spe-

342 4045 442 4088 ramns
473 4026 527 4087 elr.
549 4025 655 4086 Iustiu.
677 4023 740 4087 VII
768 4022 788 4086 6
808 4043 919 4106 magna
940 4021 978 4086 de
998 4019 1049 4085 nto
1070 4041 1137 4106 spes
1158 4031 1221 4085 erat
1236 4031 1363 4106 propter
1384 4021 1480 4107 epsins
1501 4022 1587 4106 inpe-

341 4125 441 4201 ninm‚
461 4125 542 4210 qaod
562 4145 705 4208 ramnum
726 4123 887 4208 spondebat
907 4122 1018 4186 airum.
1042 4157 1080 4169 -
1104 4121 1223 4186 Palma.
1255 4122 1295 4184 A.
1309 4122 1586 4186 (lomeliusPalma

342 4227 444 4289 consul
466 4226 631 4290 ordinarius
652 4246 681 4309 p.
704 4225 760 4288 ch.
782 4224 823 4289 99
845 4233 876 4287 11
896 4225 1001 4287 iterum
1025 4223 1129 4286 eodem
1152 4243 1229 4286 anno
1251 4243 1309 4306 quo
1331 4231 1397 4286 erat
1412 4221 1584 4287 Hadrianus

341 4328 483 4391 suffectus
504 4325 625 4411 (Baiter
646 4327 665 4390 l.
694 4327 713 4388 l.
734 4346 764 4406 p.
785 4325 957 4388 LXXVIII
979 4333 1010 4387 et
1030 4325 1167 4387 LXXX.
1201 4319 1321 4388 ¹Cliutou
1343 4325 1362 4386 l.
1385 4325 1404 4388 l.
1427 4323 1497 4386 Vol.
1518 4325 1534 4387 I
1554 4345 1584 4406 p.

340 4425 382 4489 84
412 4438 444 4492 11
475 4427 551 4515 94).
594 4447 684 4511 quum
717 4426 812 4510 Syriae
844 4434 1004 4507 praeesset,
1035 4443 1102 4486 saur
1132 4425 1257 4488 Arabiae
1278 4433 1395 4507 partem
1417 4425 1497 4506 oepit
1517 4445 1583 4507 quae

341 4529 464 4591 Petram
497 4521 618 4611 attingit
649 4528 822 4609 redegitque
853 4527 882 4589 in
915 4525 1056 4589 ditionem
1089 4526 1190 4606 populi
1221 4526 1350 4589 Romani
1389 4525 1463 4609 (Dio
1496 4526 1581 4589 Cass.

341 4628 481 4692 LXVIII
509 4627 573 4716 14).
606 4631 645 4693 ab
677 4630 831 4693 Hadriano
861 4627 1034 4690 interfectus
1056 4633 1103 4688 est
1124 4645 1153 4688 a.
1175 4645 1203 4707 p.
1226 4625 1281 4690 Oh.
1307 4625 1367 4689 118
1393 4625 1468 4713 (Dio
1494 4627 1581 4690 Osse.

341 4719 450 4794 LXIX
484 4731 507 4791 2
538 4733 590 4792 111.
621 4730 702 4794 inira
732 4751 759 4794 o.
790 4724 837 4815 7).
869 4759 909 4776 ....
940 4725 1031 4793 Celso.
1063 4727 1099 4790 L.
1121 4725 1273 4790 Publioius
1294 4727 1400 4791 Celsus
1422 4746 1479 4809 quo
1500 4747 1580 4792 auno
