3602 5552
690 517 827 590 spasano
847 517 905 574 vra
925 517 1065 574 morant
1458 519 1497 576 or

257 691 340 754 Hist.
373 690 409 754 of
436 690 490 754 tha
520 689 661 754 Romans
692 710 723 754 u.
754 691 809 754 tha
839 691 928 772 Emp.
961 689 1025 754 VII
1053 709 1083 772 p.
1104 686 1181 771 404)
1202 707 1319 752 errores
1341 690 1500 754 euitamnt

256 811 354 874 noque
383 790 486 854 omnia
519 810 585 872 quae
618 791 656 853 da
688 791 738 854 bis
760 792 852 855 robus
875 811 894 854 a
916 790 1017 853 doctis
1038 791 1115 855 uiris
1137 789 1302 871 disputata
1322 799 1393 854 sunt
1420 792 1499 856 satis

256 893 380 974 cognita
401 892 582 955 babuerunt
626 900 674 955 ost
694 901 800 956 autom
822 893 886 956 tale
908 899 1055 956 stemma:

385 1052 508 1102 Traianus
525 1069 559 1096 =
576 1050 663 1114 leia.

195 1345 230 1372 =
246 1327 366 1394 Pompeia
382 1329 485 1380 Plotina
576 1345 611 1370 =
627 1326 656 1378 G.
675 1325 797 1375 Matidius
815 1325 960 1376 Patruinus.
1115 1327 1144 1378 P.
1164 1329 1252 1378 Aelius
1270 1325 1417 1378 Hadrianus
1435 1331 1497 1380 Afer

568 1387 970 1430 κ--ώ--ῆ
1156 1417 1191 1442 =
1207 1397 1321 1446 Domitia
1339 1396 1458 1448 Paulliua

572 1429 679 1480 Matidia
695 1431 753 1478 mai.
771 1447 806 1473 =
822 1427 849 1478 1..
868 1429 968 1480 Vibius.
1307 1461 1311 1504 Ι

545 1533 653 1598 Matidia
669 1535 730 1582 min.
757 1533 832 1583 Vibia
851 1531 951 1582 Sabina.
965 1553 999 1579 =
1016 1535 1078 1600 Imp.
1089 1536 1151 1586 Cres.
1161 1533 1317 1586 Hadrianus
1327 1539 1392 1600 Aug.
1437 1533 1554 1654 §anitius
1564 1559 1599 1584 =

1458 1619 1586 1659 ermanus.

336 1709 470 1790 primum
492 1709 587 1792 igitur
607 1731 717 1774 nomen
741 1729 801 1773 auo
824 1729 945 1793 quoquo
959 1717 1093 1791 paterno
1115 1712 1193 1793 Imp.
1208 1711 1338 1775 Traiani
1349 1714 1497 1789 Traiano,

254 1809 333 1873 auia
361 1818 498 1892 paternae
526 1811 631 1893 leiae
652 1811 769 1887 fuisse,
790 1811 982 1875 simillimum
1003 1812 1069 1875 ueri
1092 1832 1188 1874 exeo
1211 1814 1274 1886 bst,
1297 1814 1381 1894 quod
1401 1815 1498 1878 habet

253 1911 402 1973 Aurelius
435 1911 547 1974 Victor
577 1913 777 1994 Epitomator
797 1912 829 1974 in
852 1913 925 1993 epit.
948 1913 1042 1976 XlII.
1091 1910 1198 1996 leius
1222 1912 1374 1976 Troianos
1395 1951 1434 1960 -
1456 1951 1496 1962 -

258 2009 364 2095 Wpr'us
385 2009 423 2072 ob
443 2033 501 2074 ooo
522 2013 635 2088 dimo,
662 2013 811 2076 Troianus
832 2035 851 2074 o
875 2012 967 2075 Traio
984 2013 1106 2097 potami
1124 2015 1241 2096 perraria
1261 2024 1379 2077 auctore
1398 2014 1444 2078 oei
1460 2016 1498 2080 dc

252 2112 370 2176 nonrioc
404 2111 532 2175 Troiani
547 2113 649 2199 patris
672 2115 716 2177 oio
736 2111 911 2198 appellatos.
954 2114 1010 2176 sed
1032 2133 1124 2195 quum
1147 2123 1280 2178 constat·
1294 2122 1413 2196 patrem
1437 2117 1496 2179 im-

251 2213 406 2294 peratoris
420 2213 551 2277 Traiani
573 2215 702 2296 leium
723 2213 894 2278 Traianum
918 2222 950 2276 at
969 2215 1070 2295 ipsum
1092 2223 1237 2278 uocatum
1261 2235 1345 2291 esse,
1367 2215 1497 2302 (Esther

251 2314 414 2377 Doctrina.
453 2335 574 2378 numer.
611 2323 674 2379 net.
716 2316 764 2380 VI
796 2335 827 2396 p.
862 2312 940 2396 435)
973 2323 1108 2397 apparet
1138 2317 1242 2396 ipsum
1274 2316 1496 2398 imperatorem

250 2435 350 2497 noque
388 2415 428 2477 ab
466 2435 525 2478 auo
561 2423 693 2498 paterno
731 2435 831 2498 neque
869 2436 888 2478 a
920 2423 1060 2479 materno
1093 2417 1152 2479 boc
1183 2435 1294 2480 nomen
1327 2419 1493 2500 accepisse.

252 2516 449 2597 quamobrem
472 2526 527 2579 aut
548 2517 579 2580 in
601 2519 669 2580 loco
691 2516 831 2580 Victoris
853 2517 981 2580 laudato
1003 2516 1065 2579 leui
1088 2517 1493 2582 correctionescribendum

251 2625 299 2679 est
327 2616 365 2679 ob
385 2616 476 2692 oum,
498 2637 590 2699 quum
611 2617 783 2699 prasertim
805 2617 856 2680 his
877 2618 1070 2699 temporibus
1092 2637 1202 2681 nomen
1224 2625 1394 2682 maternum
1414 2619 1494 2681 reci-

250 2735 324 2796 pere
360 2716 487 2780 solitum
522 2725 618 2793 esset,
654 2726 709 2782 aut
745 2717 797 2781 hic
828 2737 948 2800 quoque
979 2726 1014 2781 ut
1045 2717 1125 2780 alias
1156 2717 1327 2798 saepissime
1359 2719 1494 2799 scriptor

250 2817 373 2880 minima
396 2819 563 2882 adcuratus
586 2819 711 2882 errauit.
755 2819 793 2881 de
814 2837 873 2881 auo
896 2827 999 2881 autem
1021 2805 1153 2899 putaruo
1172 2817 1334 2901 quominus
1353 2818 1405 2880 ani
1421 2838 1494 2882 uor-

251 2916 322 2980 bum
348 2917 536 3001 accipiamus
558 2918 589 2980 id
611 2919 770 3000 probibet,
793 2919 874 3001 quod
895 2939 954 2980 ooo
975 2920 1071 2981 uerbo
1091 2917 1213 3001 paramo
1233 2926 1418 3000 opponatur.

333 3026 419 3081 errat
440 3018 594 3082 Merivala
615 3019 634 3082 l.
657 3019 677 3082 1.
690 3038 782 3100 quum
795 3019 1010 3082 'Hadrianum’
1020 3018 1221 3082 Marullinum
1234 3037 1323 3081 auum
1337 3028 1404 3082 ess'a
1417 3040 1492 3084 con·

250 3118 353 3181 tendit
383 3118 597 3200 imperatoris,
626 3120 707 3202 quod
730 3139 766 3181 ao
787 3119 886 3200 magis
908 3118 1017 3182 mirum
1040 3118 1179 3194 uidetur,
1202 3119 1284 3201 quod
1305 3121 1447 3184 mendum
1471 3142 1491 3186 a

250 3218 359 3298 primis
381 3219 574 3302 Scriptorum
597 3220 747 3284 Historia
769 3219 918 3301 Angusta
941 3219 1111 3284 editoribus
1126 3219 1258 3294 illatum,
1273 3222 1490 3303 utpaulloin-

250 3321 298 3382 ira
319 3319 493 3384 scriberent
513 3341 589 3384 ouras
610 3319 806 3396 Munatium,
828 3321 890 3384 iam
902 3320 1039 3384 correxit
1049 3321 1205 3384 Robortus
1218 3341 1237 3383 a
1249 3323 1347 3386 Porta
1358 3330 1391 3384 et
1401 3324 1491 3387 dein-

249 3439 321 3503 ceps
355 3421 560 3486 casaubonus
592 3421 762 3487 Salmasius
795 3421 958 3487 Gruterus.
1007 3423 1122 3485 atenim
1155 3429 1267 3486 ataum
1299 3429 1348 3485 est
1379 3425 1488 3505 quinto

248 3523 346 3603 gradu
368 3542 462 3604 supra
484 3531 632 3604 cognatus
654 3523 732 3606 (Tit
755 3525 804 3587 VI
825 3525 864 3586 de
885 3523 972 3604 grad.
995 3541 1082 3604 cogn.
1104 3524 1182 3586 Iust.
1197 3525 1274 3586 Inst.
1286 3523 1332 3606 3).
1368 3523 1401 3588 0.
1414 3545 1487 3588 uero

247 3621 400 3686 Matidium
421 3624 603 3699 Patruinus,
626 3625 673 3688 cui
695 3625 861 3688 Marciana
882 3643 971 3687 soror
992 3624 1121 3687 Traiani
1136 3631 1235 3705 nupta
1252 3624 1322 3698 fuit,
1336 3625 1368 3686 in
1379 3626 1489 3688 tabula

246 3725 394 3788 Fratrum
415 3724 581 3788 Amulium
604 3725 707 3789 XXII
728 3734 986 3790 commemoratur
1007 3723 1095 3811 (uida
1117 3723 1238 3788 Marini
1258 3725 1331 3787 Atti
1350 3725 1399 3787 dei
1415 3727 1488 3788 frat.

247 3843 313 3887 arv.
346 3845 397 3907 pp.
436 3826 584 3890 oxxlx
617 3834 649 3888 et
685 3825 754 3889 158.
808 3827 862 3889 cfr.
897 3823 1046 3908 Bosphori
1077 3825 1216 3889 Oauvras
1248 3822 1488 3907 bpigraphiqucs

246 3923 366 4010 (Opere
399 3923 579 4009 epigrabca)
601 3927 617 3988 I
638 3946 668 4007 p.
690 3921 777 4009 241).
819 3924 906 3988 onius
926 3925 1023 3988 filiam
1043 3925 1210 3988 Matidiam
1232 3925 1264 3988 in
1286 3926 1486 3989 matrimonio

245 4027 281 4089 L.
314 4026 466 4108 quendam
487 4026 616 4090 Vibium
639 4023 785 4088 habuisse
807 4045 846 4088 ex
866 4027 925 4088 boc
946 4025 1054 4102 titulo,
1076 4045 1164 4107 quem
1186 4025 1349 4090 ediderunt
1364 4024 1487 4090 Horren

246 4126 407 4210 Supplcm.
440 4126 538 4191 Orelli
558 4145 590 4207 p.
610 4125 653 4190 86
674 4133 706 4188 et
726 4124 913 4207 Borghesius
935 4125 956 4187 1.
978 4125 998 4186 l.
1020 4127 1053 4189 11
1073 4146 1104 4209 p.
1126 4128 1197 4203 240,
1218 4125 1378 4208 probatur,
1401 4126 1486 4190 cuius

245 4228 457 4311 apographum
477 4225 682 4307 Borghesium
705 4233 829 4290 secutus
850 4225 903 4289 bic
923 4225 1020 4290 dabo:

461 4427 507 4490 L.
522 4427 689 4492 VIBIVS.
702 4425 817 4491 Avo.
829 4427 900 4490 Lm
912 4427 1262 4494 ‚FLORVSFEOIT

467 4529 621 4593 VIBIAE
632 4575 640 4591 .
652 4528 891 4592 GHELIDONI
903 4529 1125 4594 AEONIVGI.
1140 4528 1257 4594 SVAE

450 4629 723 4695 KARISSIMAE
735 4676 742 4692 .
754 4628 1051 4693 B.M.ET.SIBI
1071 4629 1126 4692 ΕΤ
1148 4621 1270 4694 vluls

359 4728 1368 4796 SABINIANO.MATIDIANO.FLORO.TELIMORPHO

312 4831 762 4898 assummumumultls
784 4831 880 4897 SVIS
901 4831 1414 4898 ETV1B10.TEL1MORPHO
