3602 5552
665 525 802 594 Spartiaui
826 526 885 582 rito
906 519 1049 580 Hadriani.
1450 525 1490 582 79

233 691 272 752 111
293 691 450 763 innocens,
483 690 631 752 seueritas
659 699 761 756 tamen
785 700 817 754 et
838 695 1011 767 ueneratio,
1044 712 1109 774 quae
1131 693 1210 755 iuter
1230 694 1348 774 ignotos
1371 691 1418 754 uel
1441 694 1492 774 qui

234 790 346 870 dispari
379 789 550 851 conditione
582 798 653 851 sunt
680 791 816 852 obtinere
838 793 931 866 solet,
964 794 999 855 fit
1021 793 1117 854 minor
1138 793 1168 854 in
1192 793 1256 854 dies
1278 791 1429 872 oriturque
1451 792 1491 853 li-

233 889 335 952 bertas
357 888 496 968 quaedam
519 895 550 950 et
571 889 717 950 sermonis
745 898 777 952 et
805 891 970 954 conuictus.
1013 891 1072 954 hac
1093 910 1165 953 uero
1187 893 1262 954 ritus
1285 900 1377 971 atque
1400 891 1491 952 moris

233 987 423 1068 neglegentia
454 986 630 1050 Hadrianus
663 988 758 1051 iratos
792 989 982 1071 peritusque,
1016 1009 1052 1052 ne
1084 991 1129 1051 ita
1162 999 1244 1053 totus
1275 990 1348 1051 ordo
1375 989 1490 1051 aulicus

232 1096 418 1149 euerteretur
449 1106 637 1149 successores
670 1089 928 1167 praestantissimis
956 1089 1003 1152 his
1025 1089 1098 1152 uiris
1120 1090 1205 1152 dedit
1226 1109 1320 1172 eoque
1342 1097 1491 1151 110111-

232 1186 334 1248 bernio
356 1205 412 1248 suo
434 1192 464 1247 et
486 1185 591 1248 uxoris
613 1187 750 1250 remouit.
794 1207 884 1269 quam
906 1207 969 1249 rem
992 1189 1128 1270 pluribus
1144 1189 1250 1270 attigi,
1272 1198 1307 1251 ut
1322 1188 1490 1250 refellerem

233 1304 333 1348 eorum
366 1285 522 1365 opiniones
549 1285 601 1365 qni
622 1286 769 1348 Sabinam
790 1287 985 1368 impudicitiae
1007 1296 1168 1361 accusant,
1199 1290 1229 1350 id
1252 1297 1338 1350 ratus
1360 1288 1491 1367 praeola-

232 1383 383 1447 rissimum
406 1403 472 1446 esse
494 1403 601 1446 munus
624 1385 688 1448 eins
710 1386 761 1466 qui
782 1387 819 1448 de
841 1387 1001 1467 praeteritis
1023 1387 1211 1467 temporibus
1234 1387 1346 1467 aliquid
1368 1387 1490 1461 scribit,

231 1484 344 1546 nullam
375 1483 474 1545 sinere
507 1483 655 1546 maculam
686 1485 718 1547 in
751 1505 853 1548 eorum
880 1485 1026 1549 inbaerer'o
1053 1487 1211 1562 memoria,
1245 1487 1295 1568 qui
1316 1487 1490 1548 innocentes

231 1582 363 1644 uixerint
395 1594 535 1662 recteque
568 1583 706 1645 iecerint.
750 1594 795 1659 et,
830 1593 864 1647 ut
890 1587 967 1647 uidit
993 1586 1210 1660 casaubonus,
1242 1587 1303 1648 iam
1331 1604 1369 1647 ex
1390 1585 1490 1646 uerbis

230 1681 349 1744 ioioeeo
369 1682 434 1744 eius
454 1681 553 1743 tristis
575 1682 701 1744 istorum
723 1684 823 1763 opinio
844 1685 1001 1748 refellitur.

314 1781 453 1843 tetricum
486 1786 589 1842 tamen
623 1789 655 1842 et
681 1783 769 1844 triste
799 1784 942 1865 quiddam
971 1784 1001 1846 in
1024 1804 1074 1846 ore
1097 1783 1241 1864 uultuque
1264 1784 1410 1848 Sabinam
1432 1781 1490 1844 ha·

231 1880 334 1942 buisse
357 1899 395 1942 ex
417 1898 452 1940 eo
475 1880 607 1940 fortasse
635 1879 758 1961 colliget
790 1883 914 1964 aliquis,
947 1885 1025 1964 quod
1052 1881 1153 1946 Graeci
1176 1885 1226 1965 qui
1247 1882 1411 1962 saepissime
1432 1881 1493 1942 im-

230 1979 422 2060 peratoribus
455 1985 486 2038 et
519 1979 662 2040 uxoribus
696 2000 812 2054 eorum,
846 1982 965 2045 adiecto
998 1983 1089 2044 uerbo
1111 1985 1198 2056 νέος,
1224 1983 1346 2044 deorum
1369 1979 1491 2042 nomina

230 2078 403 2140 indiderunt
435 2079 515 2140 νέαν
547 2077 693 2167 Δῄμητρα
715 2079 861 2142 Sabinam
884 2082 1120 2162 appellauerunt
1141 2081 1186 2166 (in
1209 2082 1298 2144 titulo
1320 2079 1491 2159 Megarensi

232 2176 313 2238 (1.1.
336 2176 375 2238 G.
403 2171 481 2238 1073
509 2178 555 2238 111
582 2179 736 2240 Letronne
760 2177 779 2238 l.
802 2179 821 2240 l.
849 2181 916 2260 Ip.
941 2178 1026 2262 102).
1070 2200 1161 2260 quum
1189 2189 1308 2254 autem,
1340 2187 1375 2241 ut
1401 2185 1491 2257 putat

230 2275 401 2337 Boeclrhius
434 2285 465 2338 et
496 2276 678 2338 Letroonius
706 2274 849 2338 Eleusine
871 2278 989 2340 Sabina
1010 2279 1163 2341 Demetrio
1185 2281 1304 2342 nomine
1327 2277 1491 2351 coleretur,

231 2374 298 2435 aliis
332 2375 368 2434 de
402 2374 501 2435 causis
533 2374 579 2436 ita
611 2383 713 2456 potest
744 2395 810 2436 esse
838 2385 955 2440 uocata.
1004 2378 1116 2440 rectius
1139 2379 1271 2441 fortasse
1294 2397 1333 2438 ex
1354 2375 1490 2437 uersibus

230 2472 290 2534 iarn
323 2473 456 2535 laudatis
487 2473 627 2536 Balbillae
660 2475 849 2538 concluditur
880 2476 1090 2540 uehementem
1123 2485 1155 2538 et
1183 2478 1357 2539 iracundam
1381 2474 1490 2547 fuisse,

231 2573 302 2652 quia
323 2591 414 2653 quum
436 2575 580 2635 Memnon
602 2574 713 2639 tacitus
736 2585 888 2638 maneret:
951 2629 956 2634 .

356 2707 358 2712 s
429 2671 551 2756 πρὴθει
570 2668 635 2755 γὰρ
657 2669 758 2753 σεμνὰ
777 2670 892 2758 μορφά
912 2672 1099 2759 βασιλήιδος
1120 2675 1224 2757 ἄμμιν

232 2768 315 2854 (uide
338 2772 491 2836 Latronne
513 2772 533 2834 l.
555 2771 574 2836 l.
597 2773 630 2835 11
650 2793 681 2854 p.
704 2773 795 2858 362),
817 2776 875 2837 uisi
897 2785 1051 2855 poetarum
1075 2796 1156 2839 more
1179 2776 1279 2838 omnia
1294 2780 1384 2852 anget
1399 2771 1490 2832 docta

230 2869 285 2933 illa
305 2870 428 2932 semiue.

315 2980 568 3033 commemoratur
588 2991 669 3052 saepe
692 2972 806 3036 Sabina
828 2972 859 3034 in
881 2974 979 3036 titulis
1012 2983 1043 3035 et
1070 2974 1172 3054 graecis
1200 2973 1285 3058 (uide
1306 2981 1416 3053 praeter
1437 2989 1488 3032 eos

232 3087 306 3148 qnos
328 3069 389 3130 iam
412 3069 537 3132 laudaui
559 3070 593 3132 C.
615 3072 640 3132 Ι.
660 3071 699 3133 G.
724 3072 813 3133 1214.
836 3073 927 3135 2021.
950 3066 1040 3136 2370.
1063 3073 1155 3136 2964.
1178 3072 1269 3135 2966.
1292 3070 1383 3136 2966.
1407 3070 1485 3132 3841

233 3167 279 3251 11.)
313 3177 344 3229 11
376 3168 478 3230 latinis
510 3168 575 3253 (ex.
603 3189 647 3248 gr.
676 3170 770 3248 Orelli
796 3165 858 3232 763
870 3171 926 3256 ()
948 3171 1019 3234 865.
1042 3171 1112 3234 816.
1134 3171 1206 3235 819.
1227 3173 1298 3234 820.
1341 3174 1366 3233 I.
1388 3171 1427 3232 R.
1448 3170 1489 3232 N.

232 3266 324 3330 4839.
368 3267 440 3330 (1111
461 3268 580 3330 Sabina
602 3268 697 3331 Orelli
718 3269 789 3331 836.
811 3264 883 3332 837.
916 3273 1043 3333 Heuzen
1066 3271 1175 3353 6469).
1219 3280 1338 3334 mortua
1360 3279 1487 3332 estnon

232 3366 297 3428 sine
318 3367 489 3446 suspicione
511 3367 617 3430 ueneni
640 3387 659 3428 a
680 3368 788 3430 marito
810 3369 889 3442 dati,
911 3379 945 3432 ut
968 3371 1013 3432 ait
1033 3370 1216 3451 Spartianus
1232 3391 1257 3432 c.
1272 3373 1329 3445 23,
1352 3371 1390 3431 ad
1407 3387 1488 3428 mor-

232 3472 294 3526 tem
326 3465 527 3528 uoluntariam
561 3467 717 3548 compulsa
747 3475 826 3531 teste
860 3468 985 3531 Victore
1014 3471 1071 3551 Ep.
1094 3471 1186 3544 XIV,
1212 3490 1272 3531 non
1301 3469 1394 3530 multo
1416 3474 1487 3528 ante

232 3564 421 3626 Hadrianum
445 3563 506 3650 (111
527 3566 657 3628 1111111111.
679 3568 726 3629 VI
743 3588 773 3648 p.
789 3567 850 3629 620
867 3565 929 3653 sq.)
952 3577 983 3631 et
1006 3578 1185 3632 consecrata
1207 3577 1267 3643 est,
1288 3575 1322 3628 ut
1342 3564 1487 3628 Eolrhelio

231 3658 277 3746 (p.
300 3662 378 3746 622)
399 3664 561 3727 uerisimile
584 3666 705 3730 uidetur
728 3669 767 3728 ab
788 3667 945 3731 Antonino
968 3669 1034 3732 Pio.
1077 3670 1114 3750 de
1136 3668 1234 3730 nnmis
1257 3667 1320 3728 eius
1342 3668 1488 3743 111011-

230 3769 278 3823 ter
299 3763 432 3838 Eclrhel,
453 3763 613 3827 Akerman
635 3765 654 3828 l.
677 3767 697 3828 1.
719 3787 748 3847 p.
770 3768 832 3830 260
860 3770 938 3832 Tab.
960 3768 981 3831 6
1003 3762 1085 3830 117.
1129 3766 1273 3830 (10111111.
1296 3765 1316 3828 l.
1337 3767 1355 3826 I
1375 3784 1404 3844 p.
1426 3761 1488 3824 266

314 3960 382 4042 64.
422 3962 652 4047 frumentorium
695 3972 763 4026 erat
794 3965 843 4026 his
870 3964 1057 4044 temporibus
1082 3963 1112 4025 in
1138 3982 1257 4046 quaque
1279 3962 1393 4042 legione
1416 3959 1489 4044 (leg.

229 4061 245 4122 1
266 4060 342 4122 Min.
365 4061 492 4123 Heuzen
515 4057 741 4142 6799.1eg.11
762 4061 841 4141 Aug.
865 4063 885 4124 l.
908 4062 926 4122 l.
950 4061 1040 4124 6818.
1063 4063 1120 4143 leg.
1142 4064 1192 4124 III
1213 4063 1334 4123 Gruter.
1357 4062 1434 4132 620,
1456 4059 1487 4120 8.

229 4157 287 4239 leg.
309 4159 357 4221 VI
377 4159 447 4222 Vio.
469 4159 564 4224 Orelli
587 4155 679 4224 3976.
712 4161 769 4240 leg.
792 4161 856 4224 VH
884 4161 990 4223 Claud.
1013 4161 1033 4223 l.
1056 4160 1076 4222 l.
1098 4160 1191 4223 3492.
1224 4161 1281 4238 leg.
1310 4159 1374 4220 VII
1400 4157 1488 4219 Gem.

230 4258 322 4320 3613.
344 4257 403 4338 leg.
425 4259 506 4322 VHI
526 4261 607 4344 Aug.
630 4259 818 4342 temporibus
840 4259 948 4322 Seueri
968 4259 1140 4323 Alexandri
1161 4258 1181 4318 l.
1196 4259 1215 4320 l.
1231 4256 1314 4320 4922
1335 4257 1392 4336 leg.
1407 4256 1490 4318 XIII

227 4355 341 4419 ibidem
364 4358 422 4436 leg.
443 4359 512 4422 XX
532 4361 552 4422 l.
576 4362 595 4423 1.
618 4360 697 4423 3491
721 4361 776 4440 leg.
798 4360 900 4422 XXX
921 4354 1123 4431 Μ1111.847,
1147 4356 1174 4418 1.
1196 4358 1336 4418 fromunt.
1353 4355 1410 4434 leg.
1425 4355 1490 4415 VH

230 4454 353 4519 Gruter.
376 4451 448 4532 637,
469 4457 500 4520 8.
522 4458 594 4534 666,
618 4461 666 4522 ll.
710 4459 821 4524 Marini
842 4457 913 4520 Atti
934 4479 964 4539 p.
987 4457 1058 4521 666.
1086 4457 1111 4518 Ι.
1134 4455 1173 4517 Β.
1194 4456 1234 4516 Ν.
1257 4453 1355 4538 6339)
1384 4473 1491 4516 nume-

230 4574 282 4617 rus
315 4556 592 4632 frumentariomm,
624 4559 673 4620 cui
704 4558 838 4620 centurio
873 4559 1053 4639 praepositus
1087 4563 1155 4616 erat
1187 4552 1391 4638 (Kellerman.
1419 4553 1490 4632 Vig.

230 4653 293 4718 284
314 4652 513 4739 (Marquardt
534 4657 583 4718 III
604 4660 624 4720 2
646 4677 676 4738 p.
698 4653 786 4741 391).
819 4656 854 4720 0.
875 4659 900 4718 1.
923 4656 962 4720 G.
983 4654 1094 4740 2802).
1133 4653 1171 4715 111
1192 4653 1322 4735 primum
1340 4653 1372 4726 id
1394 4651 1490 4714 solum
