3602 5552
673 562 810 634 Spartiani
833 565 889 618 vita
910 566 1052 620 Hadriani.
1447 573 1486 628 53

238 735 335 819 igitur
367 755 406 800 ex
437 735 498 800 hoc
529 733 597 798 loco
626 735 700 798 lacti
733 755 839 800 snmus
865 735 1019 800 celebrari
1041 746 1075 802 ut
1096 739 1210 803 festum
1232 739 1362 804 solitum
1386 741 1484 806 fuisse

240 858 307 902 enm
330 837 413 900 diem
437 857 496 918 qno
519 837 692 917 imperator
713 837 882 918 adoptatus
905 837 1027 902 fuisset.
1052 859 1119 904 mos
1142 849 1248 904 autern
1267 841 1376 904 eratin
1391 843 1482 906 fastis

238 947 415 1002 exterarum
437 937 600 1000 ciuitatum
622 945 656 1000 nt
677 937 816 1021 Aegypti
839 939 1047 1022 aliarumque,
1077 948 1113 1004 nt
1139 943 1206 1004 dies
1222 943 1335 1024 quibus
1347 943 1483 1007 feliciter

239 1040 359 1123 aliquid
381 1038 623 1120 imperatoribus
652 1039 817 1114 euenisset,
845 1040 969 1102 nomine
992 1061 1097 1104 corum
1119 1043 1256 1124 insignes
1278 1045 1398 1108 fierent.
1428 1047 1484 1108 cfr.

237 1143 395 1206 Letronne
415 1141 491 1205 Rcc.
514 1141 543 1203 d.
565 1139 659 1202 inser.
682 1141 720 1202 de
742 1138 822 1221 I'Eg.
843 1141 860 1203 Ι
881 1160 911 1222 p.
933 1140 974 1203 83
996 1162 1064 1225 sqq.

321 1236 386 1325 dl.
429 1240 548 1304 tertinm
578 1240 684 1303 iduum
716 1241 879 1304 camertem
900 1243 1021 1326 quando
1042 1252 1069 1306 et
1090 1242 1220 1308 amatam
1241 1244 1364 1330 imperii
1384 1246 1486 1308 statuit

242 1341 463 1417 celebrandum,
494 1342 678 1406 eacessoaci
704 1341 832 1404 Traiani
852 1343 1005 1405 nuntiatus
1026 1353 1077 1407 est.
1121 1345 1203 1407 diem
1226 1365 1403 1428 supremum
1426 1349 1484 1409 ob-

239 1445 279 1508 iit
300 1443 455 1508 Traianus
478 1441 638 1506 Selinunte
667 1440 746 1527 (Dio
768 1443 858 1508 (lass.
879 1444 1024 1508 LXVIII
1045 1446 1095 1508 33.
1138 1465 1210 1508 nam
1242 1466 1368 1510 numum
1395 1467 1484 1531 quem

240 1547 280 1608 ad
303 1564 367 1608 rem
392 1545 638 1608 confirmandum
660 1545 751 1606 affert
775 1543 988 1626 Gregorouius
1011 1546 1177 1609 confictum
1201 1567 1269 1610 esse
1292 1549 1354 1610 iam
1379 1550 1487 1613 docuit

237 1646 357 1710 Eckhel
390 1646 410 1708 1.
442 1645 463 1707 l.
495 1665 526 1726 p.
556 1644 632 1725 440)
669 1646 709 1708 V.
743 1647 790 1709 Id.
816 1645 898 1726 Aug.
921 1665 950 1727 p.
973 1647 1030 1710 Oh.
1055 1643 1122 1710 117.
1144 1647 1172 1710 si
1194 1657 1339 1712 accurate
1362 1657 1486 1732 tempus

243 1747 366 1828 imperii
388 1747 449 1810 Dio
473 1746 712 1827 compntauerit,
735 1748 786 1828 qui
809 1767 878 1809 eum
903 1746 981 1810 dicit
995 1747 1165 1829 imperasse
1181 1769 1281 1812 annos
1297 1752 1383 1814 XIX
1400 1771 1488 1814 men-

241 1868 291 1910 ses
325 1849 373 1911 VI
406 1848 473 1910 dies
494 1849 572 1922 XV,
594 1867 663 1910 cum
686 1867 745 1928 quo
769 1847 825 1910 alii
847 1847 1018 1931 scriptores
1041 1850 1247 1924 consentiunt,
1267 1860 1409 1932 pugnant
1430 1853 1486 1916 alii

241 1947 330 2034 (nido
359 1947 485 2012 Olinton
509 1949 528 2012 I.
551 1949 570 2010 1.
593 1968 623 2030 p.
646 1947 688 2012 84
710 1958 741 2012 et
763 1946 849 2034 102).
892 1949 1042 2014 successit
1064 1950 1146 2013 enim
1168 1951 1281 2015 Neruae
1304 1953 1412 2016 eodem
1435 1959 1485 2015 te-

241 2059 288 2112 ste
311 2069 394 2112 anno
415 2070 446 2131 p.
469 2049 525 2113 ch.
548 2049 598 2125 98,
619 2051 700 2113 VIII
723 2052 796 2114 Kal.
818 2051 911 2114 Febr.
945 2053 1029 2133 qnod
1051 2071 1125 2114 nero
1149 2053 1277 2116 dubium
1299 2055 1408 2129 mouit,
1425 2074 1486 2118 non

240 2171 332 2233 posse
365 2157 485 2214 tantum
518 2150 667 2231 spatium,
699 2159 848 2235 quantum
881 2152 941 2216 fuit
966 2152 1049 2215 inter
1082 2152 1276 2217 Selinuntem
1306 2161 1339 2217 et
1369 2155 1485 2219 Antio-

241 2253 342 2314 chiam
376 2252 428 2314 ubi
461 2259 535 2314 tunc
561 2260 630 2314 erat
657 2252 837 2315 Hadrianus
860 2251 937 2338 (Dio
960 2254 1075 2317 LXIX
1096 2251 1132 2338 2)
1164 2255 1270 2318 triduo
1292 2257 1432 2330 transiri,
1455 2257 1487 2318 id

241 2353 319 2416 nihil
351 2362 408 2416 cst.
451 2353 543 2415 abest
574 2353 656 2416 enim
689 2354 756 2416 haec
788 2353 861 2416 urbs
894 2353 935 2416 ab
967 2353 1024 2416 illa
1045 2353 1276 2436 quinquaginta
1298 2358 1362 2419 lere
1386 2357 1488 2420 millia

241 2453 450 2536 geographica
482 2473 549 2536 qnae
581 2463 742 2530 uocantur,
770 2474 838 2537 qnae
867 2475 959 2536 quum
983 2475 1075 2538 cursu
1097 2456 1238 2538 publico,
1262 2458 1381 2540 dequo
1404 2458 1489 2521 infra

242 2556 391 2630 dicamus,
415 2561 588 2629 uterentur,
610 2562 674 2616 tam
696 2556 784 2618 breui
805 2564 946 2636 tempore
968 2575 1148 2638 percurrere
1176 2557 1304 2620 difficile
1326 2578 1388 2621 non
1410 2567 1489 2624 erat.

241 2663 313 2720 sunt
334 2662 450 2732 autem,
467 2656 519 2738 qui
532 2656 700 2719 Traianum
713 2655 865 2720 Seleuciae
877 2657 1056 2720 defunctum
1070 2677 1138 2720 esse
1150 2665 1261 2739 putent
1274 2666 1305 2720 et
1317 2667 1365 2720 est
1377 2678 1490 2742 magna

243 2757 328 2819 inter
354 2756 462 2819 doctos
489 2757 572 2819 uiros
601 2756 815 2839 discrepantia
838 2765 870 2820 et
891 2757 929 2820 de
951 2758 1020 2821 loco
1043 2765 1074 2820 et
1096 2758 1134 2819 de
1156 2765 1297 2838 tempore
1320 2778 1380 2841 quo
1405 2779 1489 2823 mor-

243 2864 314 2920 tuus
342 2856 385 2919 sit
410 2854 482 2941 (cfr.
510 2857 581 2920 Dio.
611 2858 658 2918 ed.
689 2857 784 2922 Sturz
805 2859 863 2922 VI.
885 2879 916 2940 p.
938 2857 1008 2922 641.
1032 2857 1159 2922 Glinton
1182 2859 1200 2920 l.
1223 2859 1242 2920 l.
1264 2859 1385 2922 Eckhel
1407 2860 1428 2922 I.
1450 2859 1487 2944 1.)

243 2976 344 3019 annos
366 2976 438 3020 suos
461 2963 544 3020 certe
565 2965 672 3021 tamen
693 2959 878 3021 Hadrianus
901 2979 920 3021 a
940 2959 991 3022 III
1012 2960 1059 3022 Id.
1081 2957 1164 3040 Aug.
1187 2978 1367 3022 numerasse
1390 2981 1490 3043 appa-

244 3066 293 3120 ret
314 3056 364 3120 nel
387 3077 427 3120 ex
449 3077 484 3120 eo
507 3059 591 3140 qnod
614 3078 649 3121 eo
674 3059 724 3122 die
747 3066 779 3120 et
800 3059 938 3123 natalem
961 3059 1087 3141 imperii
1109 3060 1158 3122 sni
1181 3060 1352 3124 celebrauit
1373 3068 1405 3124 et
1426 3063 1489 3126 ini·

244 3159 320 3222 tium
342 3158 516 3221 tribunicia
538 3158 707 3240 potestatis
728 3179 824 3241 usque
847 3160 887 3222 ad
909 3180 1022 3224 annum
1045 3180 1133 3223 soum
1150 3161 1218 3224 XII
1240 3161 1383 3243 sumpsit.

327 3259 393 3343 §S
436 3257 601 3322 Neratium
632 3259 783 3324 Priscam.
827 3260 1017 3324 clarissimus
1049 3261 1101 3324 hio
1134 3270 1203 3326 eret
1228 3263 1489 3330 iurisconsultus

213 3431 216 3438 ,
244 3359 372 3442 Sapino
406 3380 444 3424 ex
477 3361 593 3442 oppido
626 3361 748 3426 Samnii
776 3361 940 3437 oriundus,
974 3371 1009 3426 nt
1030 3363 1228 3444 perspicuum
1251 3371 1300 3427 est
1321 3385 1360 3428 ex
1381 3367 1489 3430 multis

245 3461 359 3537 titulis,
380 3463 432 3544 qui
454 3461 486 3524 in
509 3462 655 3526 honorem
677 3462 879 3527 Neratiorum
902 3463 1098 3548 (clarissima
1121 3465 1171 3526 his
1182 3465 1375 3546 temporibus
1388 3469 1491 3548 gentis

246 3571 382 3627 stemma
413 3565 602 3626 Mommsen.
636 3584 674 3626 ex
707 3565 732 3626 Ι.
765 3565 804 3628 R.
837 3565 878 3628 N.
910 3563 1116 3628 4928-4933
1145 3566 1291 3650 confecit)
1315 3567 1425 3648 scripti
1447 3568 1492 3630 ibi

247 3664 365 3727 inuenti
397 3672 479 3727 sunt.
522 3666 686 3745 praefectns
709 3665 813 3728 aerarii
841 3665 972 3730 Saturni
994 3668 1097 3730 luerat
1118 3667 1317 3751 (Mommsen.
1340 3668 1364 3729 I.
1386 3668 1426 3730 R.
1449 3669 1489 3733 N.

250 3763 346 3848 4931)
379 3765 486 3830 consul
517 3767 685 3841 suffectus,
716 3774 751 3830 ut
781 3757 1089 3860 putat'Borghesins}
1109 3767 1142 3830 in
1163 3768 1182 3830 l.
1206 3767 1226 3830 I.
1249 3769 1274 3830 1.
1296 3768 1334 3830 R.
1357 3769 1397 3830 N.
1421 3788 1488 3831 cnm

249 3863 356 3928 Annio
385 3866 485 3940 Vero,
507 3885 567 3930 auo
589 3867 665 3948 imp.
687 3868 731 3929 M.
755 3867 908 3930 Antonini
935 3867 1006 3954 (cfr.
1029 3868 1101 3950 Dig.
1123 3868 1279 3942 XLVIII,
1300 3867 1331 3942 8,
1352 3866 1388 3953 6)
1410 3888 1490 3933 anno

249 3985 279 4048 p.
302 3965 358 4029 01ι.
381 3964 430 4028 90.
474 3967 651 4030 Henzenius
674 3986 747 4029 uero
770 3967 802 4029 in
824 3969 917 4030 inser.
941 3968 1040 4031 Orelli
1062 3971 1112 4032 III
1133 3990 1164 4051 p.
1186 3968 1227 4031 80
1249 3969 1290 4031 ad
1313 3988 1427 4032 annum
1449 3970 1491 4033 83

250 4087 319 4129 enm
351 4067 547 4130 consulatum
581 4068 686 4130 refert.
728 4075 801 4148 post
823 4068 1018 4131 consulatum
1041 4069 1162 4151 legatus
1184 4089 1230 4151 pr.
1252 4090 1299 4151 pr.
1322 4071 1491 4152 prouincia

250 4168 421 4231 Pannoniae
447 4167 516 4230 fuit.
558 4167 710 4230 nescimus
738 4187 799 4248 quo
821 4177 961 4250 tempore
983 4170 1051 4232 nita
1073 4171 1251 4244 decesserit,
1275 4170 1336 4232 nisi
1359 4191 1398 4233 ex
1420 4172 1492 4254 Dig.

251 4271 399 4344 XXXV,
432 4268 461 4343 1,
494 4262 513 4331 7
545 4288 592 4350 pr.
626 4267 729 4348 colligi
762 4268 865 4350 possit
896 4289 965 4332 eum
997 4291 1094 4353 usqne
1116 4273 1156 4334 ed
1178 4271 1375 4334 Antoninum
1396 4273 1489 4334 Pium

251 4369 379 4433 uixisse.
422 4368 549 4450 scripsit
581 4369 694 4431 librum
728 4370 903 4450 regularum
927 4370 1014 4454 (Dig.
1035 4374 1123 4447 XLI,
1145 4373 1175 4446 3,
1196 4369 1263 4455 40),
1286 4371 1491 4452 epistolarum

250 4471 303 4534 lib.
326 4471 413 4554 (Dig.
435 4470 600 4544 XXXIII,
621 4464 651 4544 7,
676 4471 713 4533 12
734 4471 749 4553 d
771 4470 827 4554 43)
855 4472 894 4533 ad
919 4472 1100 4538 Marcellum
1125 4475 1263 4546 fratrem,
1285 4471 1337 4553 qui
1359 4473 1491 4555 primum

251 4571 359 4636 consul
382 4579 451 4634 erat
474 4571 532 4632 103
554 4569 743 4656 (Mommsen
766 4572 784 4633 l.
807 4572 827 4634 I.
852 4572 926 4656 104)
950 4582 982 4636 et
1002 4574 1114 4636 iterum
1139 4570 1197 4635 129
1219 4571 1388 4655 (Borghesi
1411 4576 1431 4637 l.
1447 4573 1494 4660 1.),

251 4672 304 4736 lib.
327 4673 575 4736 membranarum
598 4669 686 4756 (Dig.
708 4673 735 4746 Ι,
757 4673 785 4746 3,
808 4671 863 4755 21)
885 4671 939 4736 lib.
952 4691 1174 4754 responsorum
1188 4671 1277 4758 (Dig.
1292 4676 1369 4749 VII,
1386 4676 1412 4750 1,
1425 4675 1492 4760 61).

252 4782 322 4840 erat
341 4774 373 4840 in
396 4772 527 4840 consilio
550 4771 706 4840 Hadriani
729 4771 800 4858 (cfr.
822 4773 908 4840 infra
930 4795 955 4839 o.
980 4773 1020 4840 18
1041 4781 1073 4837 et
1093 4773 1165 4857 oig.
1188 4775 1293 4853 XLII,
1315 4777 1345 4852 4,
1366 4771 1386 4839 't
1408 4776 1495 4863 §16)
