<?xml version="1.0" encoding="UTF-8"?>
<!DOCTYPE html PUBLIC "-//W3C//DTD XHTML 1.0 Transitional//EN"
    "http://www.w3.org/TR/xhtml1/DTD/xhtml1-transitional.dtd">
<html xmlns="http://www.w3.org/1999/xhtml" xml:lang="en" lang="en">
 <head>
  <title>
</title>
<meta http-equiv="Content-Type" content="text/html;charset=utf-8" />
  <meta name='ocr-system' content='tesseract 3.04.00' />
  <meta name='ocr-capabilities' content='ocr_page ocr_carea ocr_par ocr_line ocrx_word'/>
</head>
<body>
  <div class='ocr_page' id='page_1' title='image "./spartianivitaha00centgoog_0071.png"; bbox 0 0 3602 5552; ppageno 0'>
   <div class='ocr_carea' id='block_1_1' title="bbox 323 515 1077 576">
    <p class='ocr_par' dir='ltr' id='par_1_1' title="bbox 323 515 1077 576">
     <span class='ocr_line' id='line_1_1' title="bbox 323 515 1077 576; baseline 0.005 -4"><span class='ocrx_word' id='word_1_1' title='bbox 323 515 363 572; x_wconf 74' lang='grc'><strong>88</strong></span> <span class='ocrx_word' id='word_1_2' title='bbox 797 517 887 574; x_wconf 81' lang='lat' dir='ltr'><strong>Julius</strong></span> <span class='ocrx_word' id='word_1_3' title='bbox 908 519 1077 576; x_wconf 61' lang='lat' dir='ltr'><strong>&amp;numu</strong></span> 
     </span>
    </p>
   </div>
   <div class='ocr_carea' id='block_1_2' title="bbox 319 687 1564 1480">
    <p class='ocr_par' dir='ltr' id='par_1_2' title="bbox 319 687 1564 1480">
     <span class='ocr_line' id='line_1_2' title="bbox 321 687 1562 773; baseline 0.002 -23"><span class='ocrx_word' id='word_1_4' title='bbox 321 695 427 752; x_wconf 83' lang='lat' dir='ltr'><strong>ornuto</strong></span> <span class='ocrx_word' id='word_1_5' title='bbox 449 687 523 752; x_wconf 89' lang='lat' dir='ltr'><strong>nihil</strong></span> <span class='ocrx_word' id='word_1_6' title='bbox 544 689 624 752; x_wconf 86' lang='lat' dir='ltr'><strong>sliud</strong></span> <span class='ocrx_word' id='word_1_7' title='bbox 645 687 813 770; x_wconf 71' lang='lat' dir='ltr'><strong>significare</strong></span> <span class='ocrx_word' id='word_1_8' title='bbox 833 697 947 771; x_wconf 87' lang='lat' dir='ltr'><strong>potest,</strong></span> <span class='ocrx_word' id='word_1_9' title='bbox 969 707 1059 772; x_wconf 83' lang='lat' dir='ltr'><strong>quum</strong></span> <span class='ocrx_word' id='word_1_10' title='bbox 1079 697 1114 754; x_wconf 92' lang='lat' dir='ltr'><strong>ut</strong></span> <span class='ocrx_word' id='word_1_11' title='bbox 1134 692 1293 772; x_wconf 72' lang='lat' dir='ltr'><strong>preelectus</strong></span> <span class='ocrx_word' id='word_1_12' title='bbox 1314 691 1483 773; x_wconf 70' lang='lat' dir='ltr'><strong>angustalis</strong></span> <span class='ocrx_word' id='word_1_13' title='bbox 1497 691 1562 754; x_wconf 80' lang='lat' dir='ltr'><strong>Ae-</strong></span> 
     </span>
     <span class='ocr_line' id='line_1_3' title="bbox 320 789 1562 876; baseline 0.004 -25"><span class='ocrx_word' id='word_1_14' title='bbox 320 789 406 871; x_wconf 84' lang='lat' dir='ltr'><strong>gypti</strong></span> <span class='ocrx_word' id='word_1_15' title='bbox 426 789 527 868; x_wconf 85' lang='lat' dir='ltr'><strong>deret,</strong></span> <span class='ocrx_word' id='word_1_16' title='bbox 548 791 592 854; x_wconf 83' lang='lat' dir='ltr'><strong>ite</strong></span> <span class='ocrx_word' id='word_1_17' title='bbox 612 799 715 853; x_wconf 88' lang='lat' dir='ltr'><strong>tomen</strong></span> <span class='ocrx_word' id='word_1_18' title='bbox 737 799 771 854; x_wconf 92' lang='lat' dir='ltr'><strong>ut</strong></span> <span class='ocrx_word' id='word_1_19' title='bbox 792 809 859 854; x_wconf 89' lang='lat' dir='ltr'><strong>cum</strong></span> <span class='ocrx_word' id='word_1_20' title='bbox 880 791 1023 854; x_wconf 81' lang='lat' dir='ltr'>honorem</span> <span class='ocrx_word' id='word_1_21' title='bbox 1044 811 1102 854; x_wconf 93' lang='lat' dir='ltr'><strong>non</strong></span> <span class='ocrx_word' id='word_1_22' title='bbox 1125 792 1238 866; x_wconf 81' lang='lat' dir='ltr'><strong>odiret,</strong></span> <span class='ocrx_word' id='word_1_23' title='bbox 1271 800 1434 876; x_wconf 79' lang='lat' dir='ltr'><strong>onooqnem</strong></span> <span class='ocrx_word' id='word_1_24' title='bbox 1462 812 1510 855; x_wconf 84' lang='lat' dir='ltr'><strong>res</strong></span> <span class='ocrx_word' id='word_1_25' title='bbox 1531 793 1562 856; x_wconf 93' lang='lat' dir='ltr'><strong>in</strong></span> 
     </span>
     <span class='ocr_line' id='line_1_4' title="bbox 320 891 1563 982; baseline 0.002 -28"><span class='ocrx_word' id='word_1_26' title='bbox 320 891 418 954; x_wconf 79' lang='grc'>118818</span> <span class='ocrx_word' id='word_1_27' title='bbox 437 892 623 971; x_wconf 76' lang='lat' dir='ltr'><strong>perfecisset.</strong></span> <span class='ocrx_word' id='word_1_28' title='bbox 665 891 811 956; x_wconf 86' lang='lat' dir='ltr'><strong>successit</strong></span> <span class='ocrx_word' id='word_1_29' title='bbox 834 892 866 954; x_wconf 94' lang='lat' dir='ltr'><strong>in</strong></span> <span class='ocrx_word' id='word_1_30' title='bbox 893 893 950 956; x_wconf 93' lang='lat' dir='ltr'><strong>hoc</strong></span> <span class='ocrx_word' id='word_1_31' title='bbox 971 911 1090 956; x_wconf 86' lang='lat' dir='ltr'><strong>munere</strong></span> <span class='ocrx_word' id='word_1_32' title='bbox 1112 895 1154 956; x_wconf 87' lang='lat' dir='ltr'><strong>M.</strong></span> <span class='ocrx_word' id='word_1_33' title='bbox 1176 893 1292 957; x_wconf 84' lang='lat' dir='ltr'><strong>Rutilio</strong></span> <span class='ocrx_word' id='word_1_34' title='bbox 1313 894 1401 982; x_wconf 75' lang='lat' dir='ltr'><strong>Lupo</strong></span> <span class='ocrx_word' id='word_1_35' title='bbox 1423 892 1484 978; x_wconf 83' lang='lat' dir='ltr'><strong>(cfr</strong></span> <span class='ocrx_word' id='word_1_36' title='bbox 1501 894 1563 957; x_wconf 90' lang='lat' dir='ltr'><strong>Le·</strong></span> 
     </span>
     <span class='ocr_line' id='line_1_5' title="bbox 319 989 1563 1076; baseline 0.003 -22"><span class='ocrx_word' id='word_1_37' title='bbox 319 1000 426 1055; x_wconf 87' lang='lat' dir='ltr'><strong>tronus</strong></span> <span class='ocrx_word' id='word_1_38' title='bbox 447 991 521 1056; x_wconf 85' lang='lat' dir='ltr'><strong>Reo.</strong></span> <span class='ocrx_word' id='word_1_39' title='bbox 544 994 573 1056; x_wconf 92' lang='lat' dir='ltr'><strong>d.</strong></span> <span class='ocrx_word' id='word_1_40' title='bbox 594 993 684 1056; x_wconf 86' lang='lat' dir='ltr'><strong>insor.</strong></span> <span class='ocrx_word' id='word_1_41' title='bbox 706 995 722 1055; x_wconf 94' lang='lat'><em>1</em></span> <span class='ocrx_word' id='word_1_42' title='bbox 743 1013 772 1074; x_wconf 87' lang='lat' dir='ltr'><strong>p.</strong></span> <span class='ocrx_word' id='word_1_43' title='bbox 795 989 881 1076; x_wconf 84' lang='lat'><strong>121).</strong></span> <span class='ocrx_word' id='word_1_44' title='bbox 924 995 1084 1074; x_wconf 72' lang='lat' dir='ltr'><strong>prefectus</strong></span> <span class='ocrx_word' id='word_1_45' title='bbox 1105 995 1247 1075; x_wconf 70' lang='lat' dir='ltr'><strong>pretorio</strong></span> <span class='ocrx_word' id='word_1_46' title='bbox 1269 1004 1377 1076; x_wconf 82' lang='lat' dir='ltr'><strong>postes</strong></span> <span class='ocrx_word' id='word_1_47' title='bbox 1390 995 1490 1058; x_wconf 81' lang='lat' dir='ltr'><strong>iectus</strong></span> <span class='ocrx_word' id='word_1_48' title='bbox 1505 1003 1563 1069; x_wconf 77' lang='lat' dir='ltr'><strong>est</strong></span> 
     </span>
     <span class='ocr_line' id='line_1_6' title="bbox 319 1093 1564 1179; baseline 0.002 -23"><span class='ocrx_word' id='word_1_49' title='bbox 319 1101 355 1156; x_wconf 92' lang='lat' dir='ltr'><strong>ut</strong></span> <span class='ocrx_word' id='word_1_50' title='bbox 375 1103 504 1174; x_wconf 83' lang='lat' dir='ltr'><strong>sppsret</strong></span> <span class='ocrx_word' id='word_1_51' title='bbox 525 1113 563 1156; x_wconf 84' lang='lat' dir='ltr'><strong>ex</strong></span> <span class='ocrx_word' id='word_1_52' title='bbox 582 1093 670 1156; x_wconf 88' lang='lat' dir='ltr'><strong>titulo</strong></span> <span class='ocrx_word' id='word_1_53' title='bbox 692 1094 816 1158; x_wconf 84' lang='lat' dir='ltr'><strong>lcudsto</strong></span> <span class='ocrx_word' id='word_1_54' title='bbox 838 1095 901 1179; x_wconf 85' lang='lat' dir='ltr'><strong>(cir</strong></span> <span class='ocrx_word' id='word_1_55' title='bbox 921 1095 1002 1157; x_wconf 79' lang='lat' dir='ltr'><strong>infre</strong></span> <span class='ocrx_word' id='word_1_56' title='bbox 1023 1115 1049 1156; x_wconf 91' lang='lat' dir='ltr'><strong>c.</strong></span> <span class='ocrx_word' id='word_1_57' title='bbox 1070 1094 1091 1158; x_wconf 85' lang='grc'>9</span> <span class='ocrx_word' id='word_1_58' title='bbox 1112 1095 1127 1177; x_wconf 64' lang='lat' dir='ltr'><strong>i</strong></span> <span class='ocrx_word' id='word_1_59' title='bbox 1148 1095 1169 1157; x_wconf 84' lang='lat'>4</span> <span class='ocrx_word' id='word_1_60' title='bbox 1190 1104 1220 1159; x_wconf 92' lang='lat' dir='ltr'><strong>et</strong></span> <span class='ocrx_word' id='word_1_61' title='bbox 1242 1096 1330 1158; x_wconf 89' lang='lat' dir='ltr'><strong>Dion.</strong></span> <span class='ocrx_word' id='word_1_62' title='bbox 1352 1095 1438 1158; x_wconf 84' lang='grc'>(1888.</span> <span class='ocrx_word' id='word_1_63' title='bbox 1453 1095 1564 1158; x_wconf 81' lang='lat' dir='ltr'>LXIX</span> 
     </span>
     <span class='ocr_line' id='line_1_7' title="bbox 320 1191 1564 1279; baseline 0.002 -23"><span class='ocrx_word' id='word_1_64' title='bbox 320 1191 376 1279; x_wconf 85' lang='lat'><strong>28)</strong></span> <span class='ocrx_word' id='word_1_65' title='bbox 398 1194 529 1275; x_wconf 84' lang='lat' dir='ltr'>nihilque</span> <span class='ocrx_word' id='word_1_66' title='bbox 550 1196 580 1258; x_wconf 90' lang='lat' dir='ltr'><strong>in</strong></span> <span class='ocrx_word' id='word_1_67' title='bbox 603 1214 639 1257; x_wconf 88' lang='lat' dir='ltr'><strong>eo</strong></span> <span class='ocrx_word' id='word_1_68' title='bbox 660 1214 780 1258; x_wconf 88' lang='lat' dir='ltr'><strong>munere</strong></span> <span class='ocrx_word' id='word_1_69' title='bbox 802 1213 935 1276; x_wconf 86' lang='lat' dir='ltr'><strong>noqusm</strong></span> <span class='ocrx_word' id='word_1_70' title='bbox 957 1195 1088 1258; x_wconf 90' lang='lat' dir='ltr'><strong>molliter</strong></span> <span class='ocrx_word' id='word_1_71' title='bbox 1109 1197 1208 1258; x_wconf 83' lang='lat' dir='ltr'><strong>fucere</strong></span> <span class='ocrx_word' id='word_1_72' title='bbox 1231 1203 1284 1258; x_wconf 86' lang='lat' dir='ltr'><strong>sut</strong></span> <span class='ocrx_word' id='word_1_73' title='bbox 1309 1196 1456 1260; x_wconf 85' lang='lat' dir='ltr'><strong>uiolenter</strong></span> <span class='ocrx_word' id='word_1_74' title='bbox 1482 1196 1564 1258; x_wconf 87' lang='lat' dir='ltr'><strong>uisus</strong></span> 
     </span>
     <span class='ocr_line' id='line_1_8' title="bbox 320 1295 1564 1378; baseline 0.003 -22"><span class='ocrx_word' id='word_1_75' title='bbox 320 1304 377 1358; x_wconf 81' lang='lat' dir='ltr'><strong>est</strong></span> <span class='ocrx_word' id='word_1_76' title='bbox 419 1295 567 1360; x_wconf 74' lang='lat' dir='ltr'><strong>Strenuus</strong></span> <span class='ocrx_word' id='word_1_77' title='bbox 589 1315 659 1358; x_wconf 90' lang='lat' dir='ltr'><strong>uero</strong></span> <span class='ocrx_word' id='word_1_78' title='bbox 681 1305 748 1359; x_wconf 75' lang='lat' dir='ltr'><strong>eret</strong></span> <span class='ocrx_word' id='word_1_79' title='bbox 769 1296 845 1359; x_wconf 82' lang='lat' dir='ltr'><strong>adso</strong></span> <span class='ocrx_word' id='word_1_80' title='bbox 867 1302 901 1357; x_wconf 93' lang='lat' dir='ltr'><strong>ut</strong></span> <span class='ocrx_word' id='word_1_81' title='bbox 922 1296 1078 1359; x_wconf 77' lang='lat' dir='ltr'><strong>Hadriano</strong></span> <span class='ocrx_word' id='word_1_82' title='bbox 1100 1297 1241 1360; x_wconf 73' lang='lat' dir='ltr'><strong>suadenti</strong></span> <span class='ocrx_word' id='word_1_83' title='bbox 1262 1297 1321 1360; x_wconf 90' lang='lat' dir='ltr'><strong>sihi</strong></span> <span class='ocrx_word' id='word_1_84' title='bbox 1342 1306 1376 1361; x_wconf 90' lang='lat' dir='ltr'><strong>ut</strong></span> <span class='ocrx_word' id='word_1_85' title='bbox 1390 1298 1564 1378; x_wconf 84' lang='lat' dir='ltr'><strong>quiesceret,</strong></span> 
     </span>
     <span class='ocr_line' id='line_1_9' title="bbox 320 1395 1288 1480; baseline 0.003 -23"><span class='ocrx_word' id='word_1_86' title='bbox 320 1396 514 1477; x_wconf 73' lang='lat' dir='ltr'><strong>responderet</strong></span> <span class='ocrx_word' id='word_1_87' title='bbox 534 1399 706 1480; x_wconf 79' lang='lat' dir='ltr'><strong>praeleotum</strong></span> <span class='ocrx_word' id='word_1_88' title='bbox 728 1395 867 1479; x_wconf 85' lang='lat' dir='ltr'><strong>praetorio</strong></span> <span class='ocrx_word' id='word_1_89' title='bbox 888 1403 1022 1461; x_wconf 83' lang='lat' dir='ltr'><strong>stentem</strong></span> <span class='ocrx_word' id='word_1_90' title='bbox 1046 1397 1119 1460; x_wconf 87' lang='lat' dir='ltr'><strong>ruori</strong></span> <span class='ocrx_word' id='word_1_91' title='bbox 1140 1406 1288 1480; x_wconf 87' lang='lat' dir='ltr'><strong>oportere.</strong></span> 
     </span>
    </p>
   </div>
   <div class='ocr_carea' id='block_1_3' title="bbox 848 1687 1031 1792">
    <p class='ocr_par' dir='ltr' id='par_1_3' title="bbox 848 1687 1031 1792">
     <span class='ocr_line' id='line_1_10' title="bbox 848 1687 1031 1792; baseline 0.005 -21"><span class='ocrx_word' id='word_1_92' title='bbox 848 1689 927 1792; x_wconf 78' lang='lat' dir='ltr'><strong>usp.</strong></span> <span class='ocrx_word' id='word_1_93' title='bbox 949 1687 1031 1772; x_wconf 82' lang='lat' dir='ltr'><strong>VII.</strong></span> 
     </span>
    </p>
   </div>
   <div class='ocr_carea' id='block_1_4' title="bbox 310 1897 1597 4810">
    <p class='ocr_par' dir='ltr' id='par_1_4' title="bbox 319 1897 1597 2976">
     <span class='ocr_line' id='line_1_11' title="bbox 402 1897 1565 1988; baseline -0.002 -22"><span class='ocrx_word' id='word_1_94' title='bbox 402 1904 418 1985; x_wconf 81' lang='lat'>§</span> <span class='ocrx_word' id='word_1_95' title='bbox 441 1905 469 1966; x_wconf 89' lang='lat'><strong>1.</strong></span> <span class='ocrx_word' id='word_1_96' title='bbox 496 1900 629 1987; x_wconf 74' lang='lat' dir='ltr'><strong>Nigrini</strong></span> <span class='ocrx_word' id='word_1_97' title='bbox 648 1899 778 1964; x_wconf 82' lang='lat' dir='ltr'><strong>insidior</strong></span> <span class='ocrx_word' id='word_1_98' title='bbox 800 1935 839 1948; x_wconf 89' lang='lat'>-</span> <span class='ocrx_word' id='word_1_99' title='bbox 860 1901 963 1964; x_wconf 79' lang='lat' dir='ltr'><strong>euasit</strong></span> <span class='ocrx_word' id='word_1_100' title='bbox 986 1921 1080 1984; x_wconf 81' lang='lat' dir='ltr'><strong>nuper</strong></span> <span class='ocrx_word' id='word_1_101' title='bbox 1101 1899 1292 1966; x_wconf 88' lang='lat' dir='ltr'><strong>doctissimus</strong></span> <span class='ocrx_word' id='word_1_102' title='bbox 1312 1897 1408 1964; x_wconf 78' lang='grc'>88816</span> <span class='ocrx_word' id='word_1_103' title='bbox 1419 1899 1565 1988; x_wconf 81' lang='lat' dir='ltr'><strong>(Jourusl</strong></span> 
     </span>
     <span class='ocr_line' id='line_1_12' title="bbox 320 2000 1566 2085; baseline -0.003 -17"><span class='ocrx_word' id='word_1_104' title='bbox 320 2005 372 2068; x_wconf 86' lang='lat' dir='ltr'><strong>des</strong></span> <span class='ocrx_word' id='word_1_105' title='bbox 393 2005 527 2068; x_wconf 82' lang='lat' dir='ltr'><strong>Surents</strong></span> <span class='ocrx_word' id='word_1_106' title='bbox 547 2005 640 2067; x_wconf 84' lang='lat' dir='ltr'><strong>Jsur.</strong></span> <span class='ocrx_word' id='word_1_107' title='bbox 663 2000 758 2085; x_wconf 88' lang='grc'>1869)</span> <span class='ocrx_word' id='word_1_108' title='bbox 790 2002 870 2066; x_wconf 91' lang='lat' dir='ltr'><strong>huuc</strong></span> <span class='ocrx_word' id='word_1_109' title='bbox 901 2002 1058 2082; x_wconf 81' lang='lat' dir='ltr'><strong>Nigrinum</strong></span> <span class='ocrx_word' id='word_1_110' title='bbox 1091 2002 1126 2067; x_wconf 86' lang='lat' dir='ltr'><strong>O.</strong></span> <span class='ocrx_word' id='word_1_111' title='bbox 1156 2002 1300 2065; x_wconf 89' lang='lat' dir='ltr'><strong>Auidium</strong></span> <span class='ocrx_word' id='word_1_112' title='bbox 1322 2002 1507 2066; x_wconf 72' lang='lat' dir='ltr'><strong>nominatum</strong></span> <span class='ocrx_word' id='word_1_113' title='bbox 1534 2011 1566 2064; x_wconf 89' lang='lat' dir='ltr'><strong>et</strong></span> 
     </span>
     <span class='ocr_line' id='line_1_13' title="bbox 320 2095 1597 2186; baseline -0.001 -20"><span class='ocrx_word' id='word_1_114' title='bbox 320 2105 453 2186; x_wconf 85' lang='lat' dir='ltr'><strong>legetnm</strong></span> <span class='ocrx_word' id='word_1_115' title='bbox 475 2125 518 2186; x_wconf 91' lang='lat' dir='ltr'><strong>pr.</strong></span> <span class='ocrx_word' id='word_1_116' title='bbox 541 2125 584 2184; x_wconf 90' lang='lat' dir='ltr'><strong>pr.</strong></span> <span class='ocrx_word' id='word_1_117' title='bbox 605 2103 765 2185; x_wconf 87' lang='lat' dir='ltr'><strong>prouinoise</strong></span> <span class='ocrx_word' id='word_1_118' title='bbox 792 2103 918 2166; x_wconf 77' lang='lat' dir='ltr'><strong>Achaiae</strong></span> <span class='ocrx_word' id='word_1_119' title='bbox 945 2104 1037 2166; x_wconf 88' lang='lat' dir='ltr'><strong>fuisse</strong></span> <span class='ocrx_word' id='word_1_120' title='bbox 1059 2105 1135 2166; x_wconf 85' lang='lat' dir='ltr'><strong>setis</strong></span> <span class='ocrx_word' id='word_1_121' title='bbox 1156 2103 1297 2184; x_wconf 76' lang='lat' dir='ltr'><strong>probauit</strong></span> <span class='ocrx_word' id='word_1_122' title='bbox 1318 2123 1356 2165; x_wconf 87' lang='lat' dir='ltr'><strong>ex</strong></span> <span class='ocrx_word' id='word_1_123' title='bbox 1376 2104 1466 2167; x_wconf 91' lang='lat' dir='ltr'><strong>titulo</strong></span> <span class='ocrx_word' id='word_1_124' title='bbox 1488 2103 1564 2166; x_wconf 85' lang='lat' dir='ltr'><strong>Del·</strong></span> <span class='ocrx_word' id='word_1_125' title='bbox 1590 2095 1597 2108; x_wconf 86' lang='lat'>&#39;</span> 
     </span>
     <span class='ocr_line' id='line_1_14' title="bbox 320 2203 1564 2288; baseline -0.002 -20"><span class='ocrx_word' id='word_1_126' title='bbox 320 2205 424 2288; x_wconf 91' lang='lat' dir='ltr'><strong>phico,</strong></span> <span class='ocrx_word' id='word_1_127' title='bbox 454 2205 486 2268; x_wconf 92' lang='lat' dir='ltr'><strong>in</strong></span> <span class='ocrx_word' id='word_1_128' title='bbox 514 2225 570 2288; x_wconf 91' lang='lat' dir='ltr'><strong>quo</strong></span> <span class='ocrx_word' id='word_1_129' title='bbox 598 2203 768 2267; x_wconf 82' lang='lat' dir='ltr'><strong>continetur</strong></span> <span class='ocrx_word' id='word_1_130' title='bbox 792 2203 933 2267; x_wconf 90' lang='lat' dir='ltr'><strong>iudicium</strong></span> <span class='ocrx_word' id='word_1_131' title='bbox 961 2205 1062 2268; x_wconf 88' lang='lat' dir='ltr'><strong>linium</strong></span> <span class='ocrx_word' id='word_1_132' title='bbox 1083 2205 1280 2287; x_wconf 80' lang='lat' dir='ltr'><strong>regundorum</strong></span> <span class='ocrx_word' id='word_1_133' title='bbox 1303 2213 1335 2266; x_wconf 89' lang='lat' dir='ltr'><strong>et</strong></span> <span class='ocrx_word' id='word_1_134' title='bbox 1354 2205 1471 2268; x_wconf 89' lang='lat' dir='ltr'><strong>tollitur</strong></span> <span class='ocrx_word' id='word_1_135' title='bbox 1492 2224 1564 2268; x_wconf 90' lang='lat' dir='ltr'><strong>oon-</strong></span> 
     </span>
     <span class='ocr_line' id='line_1_15' title="bbox 320 2304 1564 2388; baseline -0.002 -19"><span class='ocrx_word' id='word_1_136' title='bbox 320 2306 468 2369; x_wconf 81' lang='lat' dir='ltr'><strong>tronersis</strong></span> <span class='ocrx_word' id='word_1_137' title='bbox 489 2325 554 2388; x_wconf 82' lang='lat' dir='ltr'><strong>quae</strong></span> <span class='ocrx_word' id='word_1_138' title='bbox 576 2306 676 2368; x_wconf 86' lang='lat' dir='ltr'><strong>fueret</strong></span> <span class='ocrx_word' id='word_1_139' title='bbox 696 2306 775 2368; x_wconf 90' lang='lat' dir='ltr'><strong>inter</strong></span> <span class='ocrx_word' id='word_1_140' title='bbox 796 2305 932 2386; x_wconf 82' lang='lat' dir='ltr'><strong>Delphos</strong></span> <span class='ocrx_word' id='word_1_141' title='bbox 955 2314 985 2368; x_wconf 93' lang='lat' dir='ltr'><strong>et</strong></span> <span class='ocrx_word' id='word_1_142' title='bbox 1006 2325 1101 2388; x_wconf 80' lang='lat' dir='ltr'><strong>pagos</strong></span> <span class='ocrx_word' id='word_1_143' title='bbox 1121 2305 1246 2369; x_wconf 90' lang='lat' dir='ltr'><strong>uicinos.</strong></span> <span class='ocrx_word' id='word_1_144' title='bbox 1278 2304 1382 2368; x_wconf 76' lang='lat' dir='ltr'><strong>attulit</strong></span> <span class='ocrx_word' id='word_1_145' title='bbox 1395 2306 1474 2369; x_wconf 88' lang='lat' dir='ltr'><strong>huno</strong></span> <span class='ocrx_word' id='word_1_146' title='bbox 1489 2305 1564 2367; x_wconf 87' lang='lat' dir='ltr'><strong>titu-</strong></span> 
     </span>
     <span class='ocr_line' id='line_1_16' title="bbox 320 2405 1564 2488; baseline -0.002 -18"><span class='ocrx_word' id='word_1_147' title='bbox 320 2407 379 2470; x_wconf 86' lang='lat' dir='ltr'><strong>lsm</strong></span> <span class='ocrx_word' id='word_1_148' title='bbox 401 2407 462 2470; x_wconf 82' lang='lat' dir='ltr'><strong>ism</strong></span> <span class='ocrx_word' id='word_1_149' title='bbox 483 2407 636 2470; x_wconf 81' lang='lat' dir='ltr'><strong>Bdclrhius</strong></span> <span class='ocrx_word' id='word_1_150' title='bbox 658 2405 693 2469; x_wconf 84' lang='lat'><strong>0.</strong></span> <span class='ocrx_word' id='word_1_151' title='bbox 712 2407 738 2468; x_wconf 91' lang='lat'><strong>1.</strong></span> <span class='ocrx_word' id='word_1_152' title='bbox 754 2405 793 2468; x_wconf 84' lang='lat' dir='ltr'><strong>G.</strong></span> <span class='ocrx_word' id='word_1_153' title='bbox 835 2405 889 2468; x_wconf 88' lang='lat' dir='ltr'><strong>sed</strong></span> <span class='ocrx_word' id='word_1_154' title='bbox 911 2407 1017 2470; x_wconf 85' lang='lat' dir='ltr'><strong>melius</strong></span> <span class='ocrx_word' id='word_1_155' title='bbox 1039 2415 1070 2470; x_wconf 88' lang='lat' dir='ltr'><strong>et</strong></span> <span class='ocrx_word' id='word_1_156' title='bbox 1091 2406 1234 2470; x_wconf 78' lang='lat' dir='ltr'><strong>maiorem</strong></span> <span class='ocrx_word' id='word_1_157' title='bbox 1256 2417 1372 2487; x_wconf 71' lang='lat' dir='ltr'><strong>partem</strong></span> <span class='ocrx_word' id='word_1_158' title='bbox 1395 2406 1564 2488; x_wconf 82' lang='lat' dir='ltr'><strong>exscripse-</strong></span> 
     </span>
     <span class='ocr_line' id='line_1_17' title="bbox 319 2486 1565 2590; baseline -0.002 -20"><span class='ocrx_word' id='word_1_159' title='bbox 319 2517 390 2570; x_wconf 88' lang='lat' dir='ltr'><strong>runt</strong></span> <span class='ocrx_word' id='word_1_160' title='bbox 410 2509 542 2572; x_wconf 80' lang='lat' dir='ltr'><strong>Foucsrt</strong></span> <span class='ocrx_word' id='word_1_161' title='bbox 562 2515 593 2570; x_wconf 86' lang='grc'><strong>81</strong></span> <span class='ocrx_word' id='word_1_162' title='bbox 612 2507 761 2570; x_wconf 87' lang='lat' dir='ltr'><strong>Wescher</strong></span> <span class='ocrx_word' id='word_1_163' title='bbox 782 2525 810 2570; x_wconf 72' lang='lat' dir='ltr'><strong>r.</strong></span> <span class='ocrx_word' id='word_1_164' title='bbox 835 2507 914 2569; x_wconf 83' lang='lat'>1852</span> <span class='ocrx_word' id='word_1_165' title='bbox 936 2506 999 2590; x_wconf 86' lang='lat' dir='ltr'><strong>(cfr</strong></span> <span class='ocrx_word' id='word_1_166' title='bbox 1019 2486 1120 2571; x_wconf 74' lang='lat' dir='ltr'><strong>F&#39;ltnde</strong></span> <span class='ocrx_word' id='word_1_167' title='bbox 1141 2527 1193 2570; x_wconf 90' lang='lat' dir='ltr'><strong>sur</strong></span> <span class='ocrx_word' id='word_1_168' title='bbox 1207 2507 1235 2570; x_wconf 90' lang='lat' dir='ltr'><strong>le</strong></span> <span class='ocrx_word' id='word_1_169' title='bbox 1250 2517 1423 2570; x_wconf 82' lang='lat' dir='ltr'><strong>monument</strong></span> <span class='ocrx_word' id='word_1_170' title='bbox 1436 2507 1565 2587; x_wconf 89' lang='lat' dir='ltr'><strong>bilingue</strong></span> 
     </span>
     <span class='ocr_line' id='line_1_18' title="bbox 319 2606 1564 2692; baseline -0.002 -20"><span class='ocrx_word' id='word_1_171' title='bbox 319 2611 356 2672; x_wconf 91' lang='lat' dir='ltr'><strong>de</strong></span> <span class='ocrx_word' id='word_1_172' title='bbox 377 2609 520 2690; x_wconf 84' lang='lat' dir='ltr'><strong>Delphos.</strong></span> <span class='ocrx_word' id='word_1_173' title='bbox 542 2608 628 2672; x_wconf 87' lang='lat' dir='ltr'><strong>Psris</strong></span> <span class='ocrx_word' id='word_1_174' title='bbox 653 2606 757 2692; x_wconf 88' lang='grc'>1868).</span> <span class='ocrx_word' id='word_1_175' title='bbox 800 2608 919 2688; x_wconf 89' lang='lat' dir='ltr'><strong>Nigrini</strong></span> <span class='ocrx_word' id='word_1_176' title='bbox 952 2618 1050 2672; x_wconf 87' lang='lat' dir='ltr'><strong>sutem</strong></span> <span class='ocrx_word' id='word_1_177' title='bbox 1083 2610 1146 2672; x_wconf 84' lang='lat' dir='ltr'><strong>filis</strong></span> <span class='ocrx_word' id='word_1_178' title='bbox 1174 2617 1271 2689; x_wconf 83' lang='lat' dir='ltr'><strong>nuptu</strong></span> <span class='ocrx_word' id='word_1_179' title='bbox 1297 2617 1362 2672; x_wconf 86' lang='lat' dir='ltr'><strong>erst</strong></span> <span class='ocrx_word' id='word_1_180' title='bbox 1381 2609 1419 2671; x_wconf 93' lang='lat' dir='ltr'><strong>L.</strong></span> <span class='ocrx_word' id='word_1_181' title='bbox 1441 2607 1564 2671; x_wconf 81' lang='lat' dir='ltr'><strong>Ceionio</strong></span> 
     </span>
     <span class='ocr_line' id='line_1_19' title="bbox 319 2709 1563 2792; baseline -0.002 -19"><span class='ocrx_word' id='word_1_182' title='bbox 319 2709 497 2784; x_wconf 80' lang='lat' dir='ltr'><strong>Commodo,</strong></span> <span class='ocrx_word' id='word_1_183' title='bbox 518 2710 568 2792; x_wconf 91' lang='lat' dir='ltr'><strong>qui</strong></span> <span class='ocrx_word' id='word_1_184' title='bbox 588 2716 698 2791; x_wconf 83' lang='lat' dir='ltr'><strong>posteo</strong></span> <span class='ocrx_word' id='word_1_185' title='bbox 718 2710 755 2772; x_wconf 88' lang='lat' dir='ltr'><strong>L.</strong></span> <span class='ocrx_word' id='word_1_186' title='bbox 777 2709 885 2772; x_wconf 85' lang='lat' dir='ltr'><strong>Aelius</strong></span> <span class='ocrx_word' id='word_1_187' title='bbox 907 2710 1005 2772; x_wconf 89' lang='lat' dir='ltr'><strong>Verus</strong></span> <span class='ocrx_word' id='word_1_188' title='bbox 1028 2710 1131 2774; x_wconf 80' lang='lat' dir='ltr'><strong>Cressr</strong></span> <span class='ocrx_word' id='word_1_189' title='bbox 1152 2709 1321 2790; x_wconf 76' lang='lat' dir='ltr'><strong>appellatus</strong></span> <span class='ocrx_word' id='word_1_190' title='bbox 1343 2717 1391 2772; x_wconf 86' lang='lat' dir='ltr'><strong>est</strong></span> <span class='ocrx_word' id='word_1_191' title='bbox 1412 2727 1563 2790; x_wconf 84' lang='lat' dir='ltr'><strong>excoque</strong></span> 
     </span>
     <span class='ocr_line' id='line_1_20' title="bbox 319 2810 1565 2893; baseline -0.002 -19"><span class='ocrx_word' id='word_1_192' title='bbox 319 2819 409 2876; x_wconf 84' lang='lat' dir='ltr'><strong>nctus</strong></span> <span class='ocrx_word' id='word_1_193' title='bbox 430 2819 479 2874; x_wconf 86' lang='lat' dir='ltr'><strong>est</strong></span> <span class='ocrx_word' id='word_1_194' title='bbox 499 2811 591 2889; x_wconf 88' lang='lat' dir='ltr'><strong>filius,</strong></span> <span class='ocrx_word' id='word_1_195' title='bbox 613 2811 662 2893; x_wconf 88' lang='lat' dir='ltr'><strong>qui</strong></span> <span class='ocrx_word' id='word_1_196' title='bbox 683 2819 792 2892; x_wconf 86' lang='lat' dir='ltr'><strong>postes</strong></span> <span class='ocrx_word' id='word_1_197' title='bbox 813 2811 856 2873; x_wconf 76' lang='lat' dir='ltr'><strong>lu</strong></span> <span class='ocrx_word' id='word_1_198' title='bbox 870 2810 1011 2874; x_wconf 85' lang='lat' dir='ltr'><strong>Aurelius</strong></span> <span class='ocrx_word' id='word_1_199' title='bbox 1026 2812 1198 2876; x_wconf 88' lang='lat' dir='ltr'><strong>Antoninus</strong></span> <span class='ocrx_word' id='word_1_200' title='bbox 1214 2811 1383 2891; x_wconf 72' lang='lat' dir='ltr'><strong>appellatus</strong></span> <span class='ocrx_word' id='word_1_201' title='bbox 1399 2811 1565 2892; x_wconf 73' lang='lat' dir='ltr'><strong>imperator</strong></span> 
     </span>
     <span class='ocr_line' id='line_1_21' title="bbox 319 2913 498 2976; baseline 0.011 -2"><span class='ocrx_word' id='word_1_202' title='bbox 319 2913 420 2976; x_wconf 81' lang='lat' dir='ltr'><strong>lectus</strong></span> <span class='ocrx_word' id='word_1_203' title='bbox 442 2921 498 2976; x_wconf 87' lang='lat' dir='ltr'><strong>est.</strong></span> 
     </span>
    </p>

    <p class='ocr_par' dir='ltr' id='par_1_5' title="bbox 317 3011 1565 3698">
     <span class='ocr_line' id='line_1_22' title="bbox 400 3011 1564 3078; baseline -0.002 -3"><span class='ocrx_word' id='word_1_204' title='bbox 400 3014 430 3075; x_wconf 92' lang='lat' dir='ltr'><strong>in</strong></span> <span class='ocrx_word' id='word_1_205' title='bbox 452 3013 612 3077; x_wconf 75' lang='lat' dir='ltr'><strong>uenatione</strong></span> <span class='ocrx_word' id='word_1_206' title='bbox 633 3031 705 3076; x_wconf 90' lang='lat' dir='ltr'><strong>uero</strong></span> <span class='ocrx_word' id='word_1_207' title='bbox 719 3013 775 3076; x_wconf 82' lang='lat' dir='ltr'><strong>hes</strong></span> <span class='ocrx_word' id='word_1_208' title='bbox 789 3014 945 3078; x_wconf 79' lang='lat' dir='ltr'><strong>Hadriano</strong></span> <span class='ocrx_word' id='word_1_209' title='bbox 957 3014 1082 3077; x_wconf 79' lang='lat' dir='ltr'><strong>insidias</strong></span> <span class='ocrx_word' id='word_1_210' title='bbox 1098 3015 1197 3077; x_wconf 83' lang='grc'>188188</span> <span class='ocrx_word' id='word_1_211' title='bbox 1211 3033 1277 3076; x_wconf 87' lang='grc'>8888</span> <span class='ocrx_word' id='word_1_212' title='bbox 1293 3013 1366 3077; x_wconf 91' lang='lat' dir='ltr'><strong>dicit</strong></span> <span class='ocrx_word' id='word_1_213' title='bbox 1379 3011 1438 3074; x_wconf 93' lang='lat' dir='ltr'><strong>Dio</strong></span> <span class='ocrx_word' id='word_1_214' title='bbox 1452 3011 1564 3074; x_wconf 85' lang='lat' dir='ltr'>LXIX</span> 
     </span>
     <span class='ocr_line' id='line_1_23' title="bbox 318 3107 1565 3200; baseline 0.002 -26"><span class='ocrx_word' id='word_1_215' title='bbox 318 3113 355 3186; x_wconf 83' lang='lat'><strong>2,</strong></span> <span class='ocrx_word' id='word_1_216' title='bbox 377 3113 435 3176; x_wconf 92' lang='lat' dir='ltr'><strong>nisi</strong></span> <span class='ocrx_word' id='word_1_217' title='bbox 455 3133 509 3195; x_wconf 89' lang='lat' dir='ltr'><strong>pro</strong></span> <span class='ocrx_word' id='word_1_218' title='bbox 532 3135 566 3177; x_wconf 90' lang='lat' dir='ltr'><strong>eo</strong></span> <span class='ocrx_word' id='word_1_219' title='bbox 587 3115 666 3196; x_wconf 88' lang='lat' dir='ltr'><strong>quod</strong></span> <span class='ocrx_word' id='word_1_220' title='bbox 687 3133 764 3177; x_wconf 89' lang='lat' dir='ltr'><strong>nnnc</strong></span> <span class='ocrx_word' id='word_1_221' title='bbox 786 3114 927 3178; x_wconf 87' lang='lat' dir='ltr'><strong>scribitur</strong></span> <span class='ocrx_word' id='word_1_222' title='bbox 948 3110 992 3191; x_wconf 66' lang='lat' dir='ltr'><strong>oie</strong></span> <span class='ocrx_word' id='word_1_223' title='bbox 1012 3115 1049 3182; x_wconf 74' lang='lat' dir='ltr'><strong>dv</strong></span> <span class='ocrx_word' id='word_1_224' title='bbox 1075 3113 1165 3200; x_wconf 65' lang='grc' dir='ltr'><strong>θήρᾳ</strong></span> <span class='ocrx_word' id='word_1_225' title='bbox 1194 3115 1369 3178; x_wconf 83' lang='lat' dir='ltr'><strong>mutandum</strong></span> <span class='ocrx_word' id='word_1_226' title='bbox 1396 3107 1565 3186; x_wconf 71' lang='grc' dir='ltr'>881111ςέ8</span> 
     </span>
     <span class='ocr_line' id='line_1_24' title="bbox 401 3312 1563 3400; baseline 0.003 -26"><span class='ocrx_word' id='word_1_227' title='bbox 401 3315 416 3396; x_wconf 86' lang='lat'>§</span> <span class='ocrx_word' id='word_1_228' title='bbox 439 3314 468 3376; x_wconf 81' lang='lat'><strong>3.</strong></span> <span class='ocrx_word' id='word_1_229' title='bbox 509 3312 594 3376; x_wconf 83' lang='lat' dir='ltr'><strong>titulo</strong></span> <span class='ocrx_word' id='word_1_230' title='bbox 615 3313 806 3399; x_wconf 72' lang='lat' dir='ltr'><strong>Aegyptiace</strong></span> <span class='ocrx_word' id='word_1_231' title='bbox 827 3315 1014 3400; x_wconf 74' lang='lat' dir='ltr'><strong>profecturo</strong></span> <span class='ocrx_word' id='word_1_232' title='bbox 1038 3319 1107 3381; x_wconf 84' lang='lat' dir='ltr'><strong>uide</strong></span> <span class='ocrx_word' id='word_1_233' title='bbox 1128 3316 1231 3398; x_wconf 90' lang='lat' dir='ltr'><strong>penllo</strong></span> <span class='ocrx_word' id='word_1_234' title='bbox 1253 3335 1355 3397; x_wconf 88' lang='lat' dir='ltr'><strong>supro.</strong></span> <span class='ocrx_word' id='word_1_235' title='bbox 1377 3351 1418 3362; x_wconf 88' lang='lat'>-</span> <span class='ocrx_word' id='word_1_236' title='bbox 1439 3314 1563 3399; x_wconf 74' lang='lat' dir='ltr'><strong>corrpie-</strong></span> 
     </span>
     <span class='ocr_line' id='line_1_25' title="bbox 318 3411 1563 3501; baseline 0.001 -24"><span class='ocrx_word' id='word_1_237' title='bbox 318 3414 401 3477; x_wconf 80' lang='lat' dir='ltr'><strong>rium</strong></span> <span class='ocrx_word' id='word_1_238' title='bbox 420 3411 534 3498; x_wconf 74' lang='lat' dir='ltr'><strong>duplos</strong></span> <span class='ocrx_word' id='word_1_239' title='bbox 548 3413 662 3499; x_wconf 81' lang='lat' dir='ltr'><strong>popolo</strong></span> <span class='ocrx_word' id='word_1_240' title='bbox 680 3435 815 3500; x_wconf 76' lang='lat' dir='ltr'><strong>proceros</strong></span> <span class='ocrx_word' id='word_1_241' title='bbox 835 3417 934 3494; x_wconf 79' lang='lat' dir='ltr'><strong>dedit,</strong></span> <span class='ocrx_word' id='word_1_242' title='bbox 955 3439 984 3501; x_wconf 91' lang='lat' dir='ltr'><strong>p.</strong></span> <span class='ocrx_word' id='word_1_243' title='bbox 1006 3419 1062 3482; x_wconf 82' lang='lat' dir='ltr'><strong>Oh.</strong></span> <span class='ocrx_word' id='word_1_244' title='bbox 1088 3418 1147 3481; x_wconf 92' lang='grc'><strong>118</strong></span> <span class='ocrx_word' id='word_1_245' title='bbox 1168 3416 1291 3480; x_wconf 85' lang='lat' dir='ltr'><strong>tesseris</strong></span> <span class='ocrx_word' id='word_1_246' title='bbox 1307 3415 1411 3479; x_wconf 87' lang='lat' dir='ltr'><strong>diuisis</strong></span> <span class='ocrx_word' id='word_1_247' title='bbox 1429 3425 1464 3478; x_wconf 91' lang='lat' dir='ltr'><strong>ut</strong></span> <span class='ocrx_word' id='word_1_248' title='bbox 1477 3415 1563 3478; x_wconf 88' lang='lat' dir='ltr'><strong>uide-</strong></span> 
     </span>
     <span class='ocr_line' id='line_1_26' title="bbox 317 3511 1561 3600; baseline 0 -22"><span class='ocrx_word' id='word_1_249' title='bbox 317 3526 368 3578; x_wconf 93' lang='lat' dir='ltr'><strong>tur</strong></span> <span class='ocrx_word' id='word_1_250' title='bbox 388 3535 427 3577; x_wconf 84' lang='lat' dir='ltr'><strong>ex</strong></span> <span class='ocrx_word' id='word_1_251' title='bbox 447 3534 537 3577; x_wconf 91' lang='lat' dir='ltr'><strong>numo</strong></span> <span class='ocrx_word' id='word_1_252' title='bbox 564 3515 689 3578; x_wconf 82' lang='lat' dir='ltr'><strong>Eclhel.</strong></span> <span class='ocrx_word' id='word_1_253' title='bbox 711 3515 765 3578; x_wconf 89' lang='lat' dir='ltr'><strong>VI.</strong></span> <span class='ocrx_word' id='word_1_254' title='bbox 788 3535 817 3596; x_wconf 91' lang='lat' dir='ltr'><strong>p.</strong></span> <span class='ocrx_word' id='word_1_255' title='bbox 839 3511 909 3580; x_wconf 77' lang='lat'><strong>477.</strong></span> <span class='ocrx_word' id='word_1_256' title='bbox 951 3519 1016 3581; x_wconf 84' lang='lat' dir='ltr'><strong>haec</strong></span> <span class='ocrx_word' id='word_1_257' title='bbox 1046 3519 1138 3600; x_wconf 90' lang='lat' dir='ltr'><strong>igitur</strong></span> <span class='ocrx_word' id='word_1_258' title='bbox 1169 3518 1265 3581; x_wconf 77' lang='lat' dir='ltr'><strong>alters</strong></span> <span class='ocrx_word' id='word_1_259' title='bbox 1296 3525 1362 3580; x_wconf 84' lang='lat' dir='ltr'><strong>eret</strong></span> <span class='ocrx_word' id='word_1_260' title='bbox 1393 3517 1561 3580; x_wconf 73' lang='lat' dir='ltr'><strong>liberalitas</strong></span> 
     </span>
     <span class='ocr_line' id='line_1_27' title="bbox 319 3610 835 3698; baseline 0 -20"><span class='ocrx_word' id='word_1_261' title='bbox 319 3615 478 3679; x_wconf 78' lang='lat' dir='ltr'><strong>Hadriani.</strong></span> <span class='ocrx_word' id='word_1_262' title='bbox 500 3617 546 3679; x_wconf 82' lang='lat' dir='ltr'><strong>cfr</strong></span> <span class='ocrx_word' id='word_1_263' title='bbox 566 3636 658 3697; x_wconf 80' lang='lat' dir='ltr'><strong>snpra</strong></span> <span class='ocrx_word' id='word_1_264' title='bbox 680 3636 705 3678; x_wconf 92' lang='lat' dir='ltr'><strong>c.</strong></span> <span class='ocrx_word' id='word_1_265' title='bbox 728 3615 747 3676; x_wconf 80' lang='lat'><strong>5</strong></span> <span class='ocrx_word' id='word_1_266' title='bbox 769 3616 784 3698; x_wconf 66' lang='grc'><strong>8</strong></span> <span class='ocrx_word' id='word_1_267' title='bbox 806 3610 835 3678; x_wconf 79' lang='grc'><strong>7.</strong></span> 
     </span>
    </p>

    <p class='ocr_par' dir='ltr' id='par_1_6' title="bbox 310 3714 1563 4810">
     <span class='ocr_line' id='line_1_28' title="bbox 401 3714 1562 3801; baseline 0.003 -23"><span class='ocrx_word' id='word_1_268' title='bbox 401 3717 468 3800; x_wconf 65' lang='grc'>15.</span> <span class='ocrx_word' id='word_1_269' title='bbox 510 3716 609 3779; x_wconf 82' lang='lat' dir='ltr'><strong>statim</strong></span> <span class='ocrx_word' id='word_1_270' title='bbox 640 3737 761 3780; x_wconf 82' lang='lat' dir='ltr'><strong>cursum</strong></span> <span class='ocrx_word' id='word_1_271' title='bbox 782 3714 920 3800; x_wconf 79' lang='lat' dir='ltr'><strong>fiscalem</strong></span> <span class='ocrx_word' id='word_1_272' title='bbox 950 3716 1091 3792; x_wconf 79' lang='lat' dir='ltr'><strong>instituit,</strong></span> <span class='ocrx_word' id='word_1_273' title='bbox 1123 3737 1159 3780; x_wconf 81' lang='grc'><strong>88</strong></span> <span class='ocrx_word' id='word_1_274' title='bbox 1187 3718 1380 3801; x_wconf 76' lang='lat' dir='ltr'><strong>magistratus</strong></span> <span class='ocrx_word' id='word_1_275' title='bbox 1400 3716 1455 3780; x_wconf 82' lang='lat' dir='ltr'><strong>hoo</strong></span> <span class='ocrx_word' id='word_1_276' title='bbox 1475 3737 1562 3782; x_wconf 80' lang='lat' dir='ltr'><strong>onero</strong></span> 
     </span>
     <span class='ocr_line' id='line_1_29' title="bbox 316 3818 1562 3902; baseline 0.002 -22"><span class='ocrx_word' id='word_1_277' title='bbox 316 3825 525 3902; x_wconf 76' lang='lat' dir='ltr'><strong>gravarentur.</strong></span> <span class='ocrx_word' id='word_1_278' title='bbox 567 3818 758 3880; x_wconf 85' lang='lat' dir='ltr'><strong>difficillimus</strong></span> <span class='ocrx_word' id='word_1_279' title='bbox 781 3837 855 3880; x_wconf 88' lang='grc'>8888</span> <span class='ocrx_word' id='word_1_280' title='bbox 878 3818 961 3882; x_wconf 86' lang='grc'>18888</span> <span class='ocrx_word' id='word_1_281' title='bbox 984 3827 1016 3880; x_wconf 87' lang='grc'><strong>81</strong></span> <span class='ocrx_word' id='word_1_282' title='bbox 1037 3838 1057 3880; x_wconf 85' lang='grc'><strong>8</strong></span> <span class='ocrx_word' id='word_1_283' title='bbox 1078 3819 1173 3881; x_wconf 83' lang='grc'>(188118</span> <span class='ocrx_word' id='word_1_284' title='bbox 1195 3818 1267 3882; x_wconf 89' lang='lat' dir='ltr'><strong>uiris</strong></span> <span class='ocrx_word' id='word_1_285' title='bbox 1288 3819 1371 3882; x_wconf 85' lang='lat' dir='ltr'><strong>usrie</strong></span> <span class='ocrx_word' id='word_1_286' title='bbox 1386 3826 1562 3900; x_wconf 77' lang='lat' dir='ltr'><strong>computus.</strong></span> 
     </span>
     <span class='ocr_line' id='line_1_30' title="bbox 319 3917 1563 4006; baseline -0.001 -23"><span class='ocrx_word' id='word_1_287' title='bbox 319 3920 519 3984; x_wconf 81' lang='lat' dir='ltr'><strong>Cssuubouus</strong></span> <span class='ocrx_word' id='word_1_288' title='bbox 540 3918 631 4000; x_wconf 89' lang='lat' dir='ltr'><strong>igitur</strong></span> <span class='ocrx_word' id='word_1_289' title='bbox 651 3919 714 3982; x_wconf 85' lang='lat' dir='ltr'><strong>haeo</strong></span> <span class='ocrx_word' id='word_1_290' title='bbox 735 3920 828 3983; x_wconf 83' lang='lat' dir='ltr'><strong>uerbo</strong></span> <span class='ocrx_word' id='word_1_291' title='bbox 848 3940 970 3984; x_wconf 83' lang='lat' dir='ltr'><strong>cursum</strong></span> <span class='ocrx_word' id='word_1_292' title='bbox 981 3917 1118 4006; x_wconf 81' lang='lat' dir='ltr'><strong>fiscalem</strong></span> <span class='ocrx_word' id='word_1_293' title='bbox 1145 3919 1272 3982; x_wconf 72' lang='lat' dir='ltr'><strong>imerus</strong></span> <span class='ocrx_word' id='word_1_294' title='bbox 1302 3921 1347 3983; x_wconf 88' lang='grc'><strong>118</strong></span> <span class='ocrx_word' id='word_1_295' title='bbox 1367 3919 1563 4000; x_wconf 78' lang='lat' dir='ltr'><strong>intelligendo</strong></span> 
     </span>
     <span class='ocr_line' id='line_1_31' title="bbox 319 4019 1563 4108; baseline -0.002 -24"><span class='ocrx_word' id='word_1_296' title='bbox 319 4040 385 4084; x_wconf 88' lang='grc'>8888</span> <span class='ocrx_word' id='word_1_297' title='bbox 418 4027 534 4096; x_wconf 85' lang='grc'>888881,</span> <span class='ocrx_word' id='word_1_298' title='bbox 565 4028 600 4083; x_wconf 90' lang='grc'><strong>81</strong></span> <span class='ocrx_word' id='word_1_299' title='bbox 630 4019 710 4083; x_wconf 91' lang='lat' dir='ltr'><strong>idem</strong></span> <span class='ocrx_word' id='word_1_300' title='bbox 743 4021 804 4084; x_wconf 85' lang='lat' dir='ltr'><strong>sint</strong></span> <span class='ocrx_word' id='word_1_301' title='bbox 836 4030 926 4104; x_wconf 81' lang='lat' dir='ltr'><strong>utque</strong></span> <span class='ocrx_word' id='word_1_302' title='bbox 951 4041 1072 4086; x_wconf 81' lang='lat' dir='ltr'><strong>currum</strong></span> <span class='ocrx_word' id='word_1_303' title='bbox 1100 4019 1283 4108; x_wconf 90' lang='lat' dir='ltr'><strong>(publicum)</strong></span> <span class='ocrx_word' id='word_1_304' title='bbox 1305 4019 1563 4096; x_wconf 61' lang='lat' dir='ltr'><strong>introducitur</strong></span> 
     </span>
     <span class='ocr_line' id='line_1_32' title="bbox 318 4119 1563 4210; baseline -0.002 -26"><span class='ocrx_word' id='word_1_305' title='bbox 318 4131 393 4194; x_wconf 82' lang='lat' dir='ltr'><strong>creet</strong></span> <span class='ocrx_word' id='word_1_306' title='bbox 403 4119 530 4210; x_wconf 80' lang='lat' dir='ltr'><strong>fiscalis.</strong></span> <span class='ocrx_word' id='word_1_307' title='bbox 572 4140 659 4204; x_wconf 88' lang='lat' dir='ltr'><strong>quem</strong></span> <span class='ocrx_word' id='word_1_308' title='bbox 690 4122 847 4184; x_wconf 87' lang='lat' dir='ltr'><strong>uerborum</strong></span> <span class='ocrx_word' id='word_1_309' title='bbox 880 4143 1001 4187; x_wconf 88' lang='lat' dir='ltr'><strong>sensnm</strong></span> <span class='ocrx_word' id='word_1_310' title='bbox 1029 4141 1133 4186; x_wconf 88' lang='lat' dir='ltr'><strong>uerum</strong></span> <span class='ocrx_word' id='word_1_311' title='bbox 1161 4142 1226 4185; x_wconf 88' lang='lat' dir='ltr'><strong>esso</strong></span> <span class='ocrx_word' id='word_1_312' title='bbox 1249 4140 1284 4184; x_wconf 94' lang='lat' dir='ltr'><strong>eo</strong></span> <span class='ocrx_word' id='word_1_313' title='bbox 1306 4121 1435 4186; x_wconf 80' lang='lat' dir='ltr'><strong>maxime</strong></span> <span class='ocrx_word' id='word_1_314' title='bbox 1457 4122 1563 4184; x_wconf 88' lang='lat' dir='ltr'><strong>defen-</strong></span> 
     </span>
     <span class='ocr_line' id='line_1_33' title="bbox 319 4221 1562 4310; baseline 0 -25"><span class='ocrx_word' id='word_1_315' title='bbox 319 4223 388 4286; x_wconf 88' lang='lat' dir='ltr'><strong>dere</strong></span> <span class='ocrx_word' id='word_1_316' title='bbox 410 4229 535 4286; x_wconf 81' lang='lat' dir='ltr'><strong>conotus</strong></span> <span class='ocrx_word' id='word_1_317' title='bbox 555 4230 618 4297; x_wconf 89' lang='lat' dir='ltr'><strong>est,</strong></span> <span class='ocrx_word' id='word_1_318' title='bbox 640 4222 719 4303; x_wconf 92' lang='lat' dir='ltr'><strong>quod</strong></span> <span class='ocrx_word' id='word_1_319' title='bbox 740 4223 801 4286; x_wconf 85' lang='lat' dir='ltr'><strong>iem</strong></span> <span class='ocrx_word' id='word_1_320' title='bbox 823 4231 914 4288; x_wconf 89' lang='grc'>88188</span> <span class='ocrx_word' id='word_1_321' title='bbox 934 4225 1090 4306; x_wconf 89' lang='lat' dir='ltr'><strong>Augustus</strong></span> <span class='ocrx_word' id='word_1_322' title='bbox 1112 4221 1213 4310; x_wconf 86' lang='lat' dir='ltr'><strong>(Suet.</strong></span> <span class='ocrx_word' id='word_1_323' title='bbox 1228 4221 1286 4308; x_wconf 83' lang='lat'><strong>49)</strong></span> <span class='ocrx_word' id='word_1_324' title='bbox 1299 4223 1453 4305; x_wconf 89' lang='lat' dir='ltr'><strong>publicum</strong></span> <span class='ocrx_word' id='word_1_325' title='bbox 1465 4242 1562 4304; x_wconf 83' lang='lat' dir='ltr'><strong>quen-</strong></span> 
     </span>
     <span class='ocr_line' id='line_1_34' title="bbox 318 4322 1561 4407; baseline -0.002 -21"><span class='ocrx_word' id='word_1_326' title='bbox 318 4324 388 4387; x_wconf 84' lang='lat' dir='ltr'><strong>dum</strong></span> <span class='ocrx_word' id='word_1_327' title='bbox 411 4343 528 4388; x_wconf 88' lang='lat' dir='ltr'><strong>cursum</strong></span> <span class='ocrx_word' id='word_1_328' title='bbox 550 4322 715 4386; x_wconf 85' lang='lat' dir='ltr'><strong>instituerit</strong></span> <span class='ocrx_word' id='word_1_329' title='bbox 735 4342 772 4386; x_wconf 88' lang='grc'><strong>88</strong></span> <span class='ocrx_word' id='word_1_330' title='bbox 793 4324 926 4400; x_wconf 77' lang='lat' dir='ltr'><strong>ratione,</strong></span> <span class='ocrx_word' id='word_1_331' title='bbox 947 4333 982 4388; x_wconf 87' lang='lat' dir='ltr'><strong>nt</strong></span> <span class='ocrx_word' id='word_1_332' title='bbox 1003 4325 1201 4406; x_wconf 87' lang='lat' dir='ltr'><strong>cognoscendi</strong></span> <span class='ocrx_word' id='word_1_333' title='bbox 1222 4345 1314 4388; x_wconf 84' lang='grc'>88888</span> <span class='ocrx_word' id='word_1_334' title='bbox 1328 4324 1400 4407; x_wconf 91' lang='lat' dir='ltr'><strong>quid</strong></span> <span class='ocrx_word' id='word_1_335' title='bbox 1413 4323 1445 4387; x_wconf 90' lang='lat' dir='ltr'><strong>in</strong></span> <span class='ocrx_word' id='word_1_336' title='bbox 1459 4323 1561 4403; x_wconf 90' lang='lat' dir='ltr'><strong>singn-</strong></span> 
     </span>
     <span class='ocr_line' id='line_1_35' title="bbox 319 4423 1561 4507; baseline 0.001 -22"><span class='ocrx_word' id='word_1_337' title='bbox 319 4423 356 4486; x_wconf 91' lang='lat' dir='ltr'><strong>lis</strong></span> <span class='ocrx_word' id='word_1_338' title='bbox 378 4424 538 4505; x_wconf 89' lang='lat' dir='ltr'><strong>prouinciis</strong></span> <span class='ocrx_word' id='word_1_339' title='bbox 559 4432 724 4506; x_wconf 83' lang='lat' dir='ltr'><strong>gereretur,</strong></span> <span class='ocrx_word' id='word_1_340' title='bbox 745 4424 867 4487; x_wconf 86' lang='lat' dir='ltr'><strong>iuuenes</strong></span> <span class='ocrx_word' id='word_1_341' title='bbox 893 4426 989 4506; x_wconf 90' lang='lat' dir='ltr'><strong>primo</strong></span> <span class='ocrx_word' id='word_1_342' title='bbox 1011 4425 1135 4488; x_wconf 90' lang='lat' dir='ltr'><strong>modicis</strong></span> <span class='ocrx_word' id='word_1_343' title='bbox 1156 4426 1321 4489; x_wconf 78' lang='lat' dir='ltr'><strong>interuallis</strong></span> <span class='ocrx_word' id='word_1_344' title='bbox 1341 4445 1396 4507; x_wconf 88' lang='lat' dir='ltr'><strong>per</strong></span> <span class='ocrx_word' id='word_1_345' title='bbox 1416 4423 1561 4488; x_wconf 75' lang='lat' dir='ltr'><strong>militares</strong></span> 
     </span>
     <span class='ocr_line' id='line_1_36' title="bbox 319 4523 1560 4608; baseline 0.002 -23"><span class='ocrx_word' id='word_1_346' title='bbox 319 4523 402 4599; x_wconf 88' lang='grc'>8188,</span> <span class='ocrx_word' id='word_1_347' title='bbox 422 4525 530 4588; x_wconf 86' lang='lat' dir='ltr'><strong>dehinc</strong></span> <span class='ocrx_word' id='word_1_348' title='bbox 551 4525 690 4588; x_wconf 85' lang='lat' dir='ltr'><strong>uehiculo</strong></span> <span class='ocrx_word' id='word_1_349' title='bbox 711 4525 895 4606; x_wconf 61' lang='lat' dir='ltr'><strong>disponerem</strong></span> <span class='ocrx_word' id='word_1_350' title='bbox 917 4528 997 4608; x_wconf 93' lang='lat' dir='ltr'><strong>quod</strong></span> <span class='ocrx_word' id='word_1_351' title='bbox 1018 4526 1132 4589; x_wconf 79' lang='lat' dir='ltr'><strong>iactum</strong></span> <span class='ocrx_word' id='word_1_352' title='bbox 1154 4545 1219 4588; x_wconf 91' lang='grc'>8888</span> <span class='ocrx_word' id='word_1_353' title='bbox 1235 4546 1300 4590; x_wconf 88' lang='lat' dir='ltr'><strong>cnm</strong></span> <span class='ocrx_word' id='word_1_354' title='bbox 1316 4544 1433 4590; x_wconf 82' lang='lat' dir='ltr'><strong>summe</strong></span> <span class='ocrx_word' id='word_1_355' title='bbox 1445 4525 1560 4607; x_wconf 85' lang='lat' dir='ltr'><strong>imperii</strong></span> 
     </span>
     <span class='ocr_line' id='line_1_37' title="bbox 310 4623 1560 4709; baseline 0.002 -23"><span class='ocrx_word' id='word_1_356' title='bbox 310 4623 450 4688; x_wconf 70' lang='lat' dir='ltr'><strong>&#39;Romani</strong></span> <span class='ocrx_word' id='word_1_357' title='bbox 463 4625 609 4702; x_wconf 75' lang='lat' dir='ltr'><strong>utilitate,</strong></span> <span class='ocrx_word' id='word_1_358' title='bbox 625 4627 755 4690; x_wconf 76' lang='lat' dir='ltr'><strong>maximo</strong></span> <span class='ocrx_word' id='word_1_359' title='bbox 769 4625 867 4689; x_wconf 88' lang='lat' dir='ltr'><strong>Itelire</strong></span> <span class='ocrx_word' id='word_1_360' title='bbox 881 4634 913 4688; x_wconf 93' lang='grc'><strong>81</strong></span> <span class='ocrx_word' id='word_1_361' title='bbox 925 4626 1145 4709; x_wconf 81' lang='lat' dir='ltr'><strong>prouinciarum</strong></span> <span class='ocrx_word' id='word_1_362' title='bbox 1159 4627 1354 4690; x_wconf 90' lang='lat' dir='ltr'><strong>incommodo.</strong></span> <span class='ocrx_word' id='word_1_363' title='bbox 1377 4627 1471 4689; x_wconf 82' lang='lat' dir='ltr'><strong>ullert</strong></span> <span class='ocrx_word' id='word_1_364' title='bbox 1485 4645 1560 4708; x_wconf 82' lang='lat' dir='ltr'><strong>quo-</strong></span> 
     </span>
     <span class='ocr_line' id='line_1_38' title="bbox 319 4724 1559 4810; baseline 0.002 -23"><span class='ocrx_word' id='word_1_365' title='bbox 319 4744 375 4810; x_wconf 88' lang='lat' dir='ltr'><strong>que</strong></span> <span class='ocrx_word' id='word_1_366' title='bbox 397 4724 594 4790; x_wconf 82' lang='lat' dir='ltr'><strong>Gsssubonns</strong></span> <span class='ocrx_word' id='word_1_367' title='bbox 615 4747 736 4792; x_wconf 87' lang='lat' dir='ltr'><strong>numum</strong></span> <span class='ocrx_word' id='word_1_368' title='bbox 755 4728 864 4792; x_wconf 82' lang='lat' dir='ltr'><strong>Neruae</strong></span> <span class='ocrx_word' id='word_1_369' title='bbox 886 4728 1036 4792; x_wconf 89' lang='lat' dir='ltr'><strong>stlocum</strong></span> <span class='ocrx_word' id='word_1_370' title='bbox 1057 4726 1160 4790; x_wconf 81' lang='lat' dir='ltr'><strong>Amol.</strong></span> <span class='ocrx_word' id='word_1_371' title='bbox 1181 4728 1264 4793; x_wconf 90' lang='lat' dir='ltr'><strong>Viot.</strong></span> <span class='ocrx_word' id='word_1_372' title='bbox 1280 4728 1356 4792; x_wconf 83' lang='lat' dir='ltr'><strong>Gms.</strong></span> <span class='ocrx_word' id='word_1_373' title='bbox 1399 4727 1559 4809; x_wconf 88' lang='lat' dir='ltr'><strong>dequibus</strong></span> 
     </span>
    </p>
   </div>
   <div class='ocr_carea' id='block_1_5' title="bbox 0 0 1806 5552">
    <p class='ocr_par' dir='ltr' id='par_1_7' title="bbox 0 0 1806 5552">
     <span class='ocr_line' id='line_1_39' title="bbox 0 0 1806 5552; baseline 0 0"><span class='ocrx_word' id='word_1_374' title='bbox 0 0 1806 5552; x_wconf 95' lang='lat' dir='ltr'><strong> </strong></span> 
     </span>
    </p>
   </div>
  </div>
 </body>
</html>
