3602 5552
320 543 339 596 6
786 538 876 594 Julius
898 537 1067 593 Gentcrwall.

318 703 391 777 eius
421 703 583 801 imperio,
615 718 793 777 necaretur
822 716 858 775 et
881 701 1049 778 Laberius
1075 701 1252 776 Maximus
1277 705 1338 801 qui
1363 719 1543 804 suspectus

315 805 459 903 imperio
492 807 527 877 in
561 806 674 879 insula
699 804 876 886 exulabat,
902 818 937 878 et
963 804 1069 904 Frugi
1095 801 1254 888 Crassus,
1280 807 1454 880 neminem
1479 809 1541 880 lae·

280 909 428 990 6deret3
462 909 621 1003 quamuis
654 905 817 980 Crassum
844 921 964 1003 postca
988 918 1188 1004 procurator
1213 931 1387 1003 egressum
1413 909 1543 992 insula,

280 1009 414 1106 lquasi
449 1034 504 1081 res
542 1035 650 1082 nouas
683 1009 870 1090 moliretur,
897 1008 1029 1082 iniussu
1054 1007 1127 1080 aius
1153 1007 1324 1106 occiderit.
1376 1011 1543 1086 militibus

279 1110 361 1183 80b
386 1110 542 1207 auspicia
567 1109 704 1208 imperii
730 1111 904 1208 duplicem
930 1109 1145 1208 largitionem
1163 1109 1269 1192 dedit,
1287 1109 1434 1184 Lusium
1452 1111 1576 1196 Qui-5

319 1225 415 1285 etum
447 1212 592 1285 sublatis
616 1212 775 1310 gentibus
801 1209 936 1302 Mauris
961 1236 1048 1308 qnos
1073 1209 1228 1307 regebat,
1255 1211 1337 1308 quia
1362 1229 1543 1310 suspectus

321 1313 466 1411 imperio
505 1315 625 1396 fuerat,
653 1313 843 1388 exarmauit
867 1311 1001 1384 Marcio
1027 1309 1188 1384 Turbone
1213 1309 1343 1406 Iudaejis
1368 1338 1542 1414 compres-

279 1414 365 1486 9sis
397 1417 441 1488 ad
474 1415 739 1512 deprimendum
764 1415 954 1488 tumultum
978 1410 1207 1486 Mauretanias
1232 1415 1412 1486 destinato.
1464 1429 1543 1514 post

317 1515 393 1588 haec
431 1517 618 1590 Antiochia
657 1517 829 1615 digressus
865 1528 918 1588 est
942 1516 987 1588 ad
1013 1515 1242 1612 inspiciendas
1266 1515 1428 1613 reliquias
1454 1515 1540 1590 Tra-

257 1621 304 1688 10
317 1617 401 1699 iani,
433 1643 520 1714 quas
557 1617 720 1691 Attianus
752 1615 890 1689 Plotina
922 1629 957 1688 et
982 1613 1130 1689 Matidia
1156 1616 1363 1689 deferebant
1414 1617 1540 1714 quibus
1558 1651 1592 1706 10

318 1717 469 1816 exceptis
497 1733 533 1791 et
558 1719 639 1792 naui
665 1717 817 1791 Romam
844 1717 995 1790 dimissis
1021 1717 1095 1814 ipse
1121 1717 1342 1790 Antiochiam
1368 1743 1541 1816 regressus

317 1819 574 1917 praeposithue
615 1820 727 1920 Syria
764 1817 888 1892 Catilio
928 1817 1055 1892 Seuero
1091 1844 1153 1917 per
1185 1816 1363 1918 illyricum
1388 1817 1542 1894 Romam

316 1922 421 1993 uenit.

278 2025 301 2102 6
414 2021 563 2096 Traiano
602 2022 737 2096 diuinos
775 2020 920 2093 bonores
957 2020 1047 2094 datis
1083 2021 1128 2093 ad
1154 2031 1313 2093 senatum
1339 2021 1540 2121 etquidem

315 2125 580 2197 accuratissimis
605 2125 728 2197 litteris
753 2123 942 2219 postulauit
967 2136 1002 2194 et
1027 2121 1158 2194 cunctis
1183 2123 1379 2196 uolentibus
1402 2125 1537 2209 meruit,
1557 2157 1590 2212 15

316 2224 365 2297 ita
390 2240 429 2297 ut
455 2241 593 2300 senatus
619 2227 730 2298 multa
754 2249 833 2322 quae
858 2222 1057 2297 Hadrianus
1083 2247 1151 2295 non
1173 2223 1408 2320 postulauerat
1423 2225 1460 2298 in
1477 2227 1539 2299 bc-

280 2337 434 2403 2norem
462 2325 601 2400 Traiani
626 2341 749 2424 sponte
774 2324 980 2399 decerneret.
1018 2351 1097 2398 cum
1123 2326 1168 2397 ad
1193 2338 1351 2398 senatum
1376 2326 1541 2401 scriberet

315 2427 452 2501 ueniam
490 2429 606 2528 petiit,
645 2432 739 2527 quod
777 2428 820 2500 de
856 2425 1001 2524 imperio
1032 2452 1096 2500 suo
1121 2425 1286 2498 iudicium
1312 2428 1445 2501 senatui
1469 2455 1538 2502 non

315 2529 481 2612 dedisset,
514 2532 681 2604 salutatus
707 2529 837 2608 scilicet
862 2552 1079 2628 praepropere
1105 2553 1125 2600 a
1150 2527 1318 2600 militibus
1343 2529 1538 2626 imperator,

249 2631 407 2729 l3qu0d
445 2658 519 2705 esse
556 2658 611 2706 res
649 2633 786 2730 publica
822 2631 896 2704 sine
934 2630 1141 2727 imperatore
1177 2655 1245 2701 non
1278 2629 1420 2726 possetl
1457 2657 1536 2704 cum
1553 2663 1587 2720 2⁰

312 2734 528 2832 triumphum
561 2735 593 2808 ei
625 2749 779 2817 senatus,
806 2734 865 2830 qui
891 2731 1039 2804 Traiano
1065 2731 1201 2804 debitus
1227 2743 1314 2813 erat,
1341 2732 1536 2816 detulisset,

312 2837 483 2909 recusauit
508 2836 583 2934 ipse
608 2851 712 2934 atque
744 2835 929 2933 imaginem
956 2831 1095 2906 Traiani
1121 2859 1222 2906 curru
1247 2833 1449 2932 triumphali
1474 2860 1536 2907 ue-

311 2937 377 3019 xit,
403 2951 443 3010 ut
468 2939 618 3035 optimus
644 2939 899 3038 imperatorne
924 2950 1004 3034 post
1029 2948 1177 3008 mortem
1202 2934 1343 3032 quidem
1369 2934 1536 3033 triumphi

274 3039 486 3112 demitteret
510 3040 722 3137 dignitatem.
761 3040 868 3137 patris
894 3038 1016 3138 patriae
1041 3062 1166 3121 nomen
1193 3037 1345 3110 delatum
1371 3036 1437 3109 sibi
1462 3050 1534 3111 sta-

311 3140 375 3211 tim
406 3153 442 3211 et
466 3141 591 3212 iterum
617 3155 737 3238 postea
762 3141 895 3215 distulit
919 3141 1013 3239 quod
1032 3139 1098 3212 boc
1118 3164 1243 3211 nornen
1261 3138 1439 3236 Augustus
1456 3165 1532 3214 sero
1550 3173 1583 3226 25

276 3239 502 3314 tmeruisset.
554 3267 676 3314 aurum
711 3242 926 3315 coronarium
961 3240 1073 3314 Italiae
1107 3240 1255 3320 remisit,
1287 3239 1323 3310 in
1349 3240 1534 3336 prouinciis

311 3341 446 3423 minuit,
472 3354 508 3414 et
533 3343 673 3439 quidem
699 3343 961 3430 difficultatibus
987 3341 1100 3414 aerarii
1127 3341 1307 3414 ambitiose
1332 3363 1372 3412 ac
1386 3341 1532 3440 diligen·

310 3457 363 3514 ter
388 3441 561 3540 expositis.

274 3553 296 3619 6
410 3543 527 3618 audito
553 3545 640 3617 dein.
657 3543 809 3616 tumultu
835 3539 1071 3638 Sarmatarum
1096 3555 1131 3614 et
1156 3540 1417 3632 Roxolanomm
1441 3565 1531 3640 prae·

275 3645 423 3720 imissis
462 3645 667 3719 exercitibus
692 3642 864 3717 Moesiam
889 3645 986 3741 petit.
1028 3641 1203 3715 Marcium
1229 3641 1427 3716 Turbonem
1453 3657 1582 3742 posteo

311 3745 613 3846 Mauretaniae.
640 3748 855 3846 praefecturae
879 3745 996 3818 infulis
1014 3757 1172 3817 ornatum
1189 3742 1378 3818 Pannoniae
1390 3743 1528 3818 Daciar-
1565 3751 1568 3776 ¹

274 3857 378 3945 8que
415 3849 459 3921 ad
497 3861 635 3948 tempus
670 3849 834 3946 praefecit.
885 3872 965 3919 cum
996 3871 1075 3944 rege
1100 3844 1374 3930 Roxolanorum,
1400 3847 1461 3944 qui
1487 3848 1530 3920 de

309 3950 488 4024 inminutis
526 3951 705 4048 stipendiis
743 3949 950 4047 querebatur
979 3948 1114 4047 cognito
1140 3947 1276 4047 negotio
1302 3973 1423 4048 pacem
1448 3973 1532 4022 con-

336 4050 437 4126 osuit.

278 4079 335 4234 lp
411 4151 547 4251 Nigrini
582 4151 723 4225 insidias
759 4177 845 4250 quas
878 4151 935 4223 ille
963 4151 1167 4224 sacrificanti
1193 4149 1371 4223 Hadriano
1396 4150 1532 4224 conscio
1548 4185 1582 4237 35

310 4254 376 4328 sibi
401 4253 508 4328 Lusio
534 4267 570 4327 et
594 4254 713 4327 multis
739 4253 815 4326 aliis
839 4265 1036 4351 parauerat,
1063 4278 1143 4325 cum
1168 4253 1272 4325 ctiam
1299 4277 1531 4326 successorem

272 4353 505 4429 2Hadrianus
536 4356 676 4428 sibimet
706 4354 925 4437 destinasset,
955 4353 1075 4427 euasit.
1127 4379 1231 4450 quare
1257 4352 1381 4426 Palma
1407 4351 1531 4426 Tarra-

308 4458 394 4528 cinae
432 4455 553 4532 Celsus
593 4455 689 4532 Baiis
722 4455 886 4553 Nigrinus
913 4453 1091 4529 Fauentiae
1116 4454 1242 4528 Lusius
1267 4454 1303 4526 in
1328 4453 1450 4527 itinere
1476 4479 1531 4527 se-

308 4571 391 4630 natu
416 4557 556 4631 iubente
581 4559 690 4632 inuito
716 4557 911 4640 Hadriano,
938 4570 977 4629 ut
1002 4557 1076 4656 ipse
1102 4557 1137 4628 in
1162 4556 1236 4628 uita
1260 4581 1322 4629 sua
1347 4555 1445 4636 dicit,
1471 4581 1529 4629 oc·

271 4659 368 4734 3cisi
406 4673 495 4732 sunt.
546 4661 638 4732 unde
676 4661 793 4733 statim
831 4657 1030 4732 Hadrianus
1056 4658 1100 4730 ad
1125 4657 1348 4730 refellendam
1372 4657 1528 4730 tristissi-
1546 4689 1581 4740 40

306 4786 401 4834 mam
436 4761 480 4834 de
516 4785 553 4834 se
584 4760 796 4858 opinionem,
825 4761 920 4858 quod
946 4759 1055 4834 occidi
1080 4783 1203 4857 passus
1229 4769 1319 4832 essct
1343 4783 1412 4832 uno
1437 4771 1529 4832 tem-
