3602 5552
320 519 361 576 tt
795 523 884 580 Julius
906 523 1076 580 0001000011.

321 713 409 775 quum
431 694 528 774 paullo
548 692 627 755 inire
646 694 776 757 secunda
796 695 832 756 de
853 694 957 758 dacica
977 693 1162 776 expeditione
1181 695 1259 757 idem
1281 694 1379 768 dicat,
1410 715 1474 777 quse
1494 697 1554 760 De-

322 795 424 858 cebalo
446 794 607 858 rebellante
628 813 656 856 a.
677 815 706 876 p.
729 795 783 858 Oh.
808 795 866 858 104
886 796 998 878 incepit
1018 805 1049 857 et
1068 804 1139 858 ente
1160 816 1188 858 a.
1211 793 1272 858 106
1291 795 1376 858 finita
1401 805 1447 858 est
1475 794 1557 880 (uide

321 896 389 958 adn.
415 895 450 957 L.
478 894 651 958 Beniamin
678 895 820 976 Borghesi
846 896 954 960 Oeuvr.
983 896 1132 978 epigraph.
1158 897 1190 959 11
1217 915 1246 976 p.
1270 893 1355 981 122).
1397 897 1456 958 iarn
1488 917 1556 959 uero

321 1004 355 1058 nt
385 1015 475 1076 supra
506 995 633 1058 diximus
660 996 830 1058 Hadrianus
851 1016 878 1058 a.
904 998 958 1060 101
982 1017 1034 1077 por
1054 1004 1150 1060 totum
1171 1015 1280 1060 annum
1302 1005 1431 1078 quaestor
1451 997 1508 1060 luit
1528 1007 1558 1058 et

321 1115 400 1159 anno
420 1097 588 1178 insequenti
609 1103 677 1160 acta
698 1105 822 1160 senatus
843 1098 967 1160 curauit.
1009 1097 1215 1179 quamobrem,
1247 1115 1334 1178 quum
1363 1097 1441 1159 bello
1463 1098 1558 1159 inter-

323 1206 402 1260 esset
433 1198 511 1280 quod
543 1217 570 1260 a.
598 1197 655 1258 103
683 1198 742 1278 geri
764 1199 887 1262 desitum
911 1207 957 1260 est
979 1218 1035 1261 oon
1059 1198 1185 1280 amplius
1207 1217 1317 1260 annum
1338 1197 1398 1260 ullo
1420 1200 1506 1261 niodo
1528 1200 1557 1259 in

322 1299 378 1361 hoc
409 1317 528 1362 munere
559 1299 670 1361 uersari
702 1299 809 1379 potuit.
857 1317 949 1380 neque
975 1309 1074 1362 tamen
1100 1319 1205 1362 causas
1231 1318 1294 1360 esse
1316 1306 1406 1379 puto,
1428 1319 1480 1362 cur
1500 1299 1559 1362 Oa·

322 1401 455 1462 sanbono
486 1399 566 1462 intra
598 1418 708 1479 paucos
734 1401 821 1464 modo
844 1419 959 1462 menses
980 1401 1081 1462 eodem
1103 1419 1181 1462 anno
1203 1409 1234 1463 et
1254 1409 1432 1480 questurum
1455 1409 1559 1462 0100-

322 1519 385 1562 ram
408 1509 540 1564 actomm
562 1500 747 1562 Hadrianum
768 1499 892 1580 gessisse
913 1502 1080 1564 concedam.
1123 1519 1216 1582 oeque
1238 1500 1314 1562 facio
1335 1519 1401 1562 cum
1416 1502 1559 1564 Hribuero

323 1601 371 1684 qui
392 1620 420 1683 p.
443 1601 483 1664 30
506 1601 689 1664 Hadrianum
722 1609 809 1680 putat
835 1621 888 1682 per
915 1602 1116 1684 exceptionem
1138 1611 1207 1682 post
1228 1602 1317 1664 breue
1337 1607 1454 1682 tempus
1475 1610 1560 1664 0010-

322 1721 386 1764 rum
419 1722 489 1766 cura
521 1720 553 1763 00
586 1701 747 1762 abdicasse.
795 1703 907 1764 mansit
938 1702 994 1765 hoc
1020 1721 1127 1764 munus
1152 1711 1230 1764 certe
1252 1702 1291 1764 ad
1312 1703 1429 1765 tertium
1451 1723 1480 1782 p.
1503 1702 1558 1764 ct.

322 1803 461 1866 saennlnm
484 1800 547 1886 (111.
569 1802 715 1864 Fabrettii
736 1821 759 1864 s.
781 1800 826 1886 1.).

405 1903 470 1984 tt.
513 1900 650 1966 tabanus
679 1899 775 1986 plebis
799 1899 898 1980 fomes
924 1911 966 1964 eat
992 1901 1132 1965 Candido
1152 1912 1179 1964 et
1200 1900 1355 1981 Quadrato
1376 1923 1470 1966 00000.
1513 1903 1559 1966 Ti.

323 2004 418 2066 lulius
439 2002 591 2066 Candidus
612 2003 644 2064 11
665 2011 697 2064 et
716 2002 757 2064 A.
779 2003 872 2064 Iulius
892 2002 1065 2074 Quadratus
1096 2004 1230 2066 consules
1262 2012 1347 2066 erant
1371 2025 1400 2084 p.
1422 2003 1477 2066 Oh.
1502 2003 1560 2065 106

323 2104 384 2191 (cir
404 2104 533 2167 Oasaub.
555 2104 602 2166 ad.
624 2103 654 2164 1.
676 2102 721 2186 1.).

407 2204 593 2267 notissimum
626 2211 672 2266 est
704 2205 734 2266 iu
767 2205 918 2286 republica
939 2205 1076 2268 Romana
1098 2205 1226 2268 omnium
1249 2225 1344 2268 rerum
1366 2205 1488 2268 arbitrio
1510 2206 1561 2267 uni

323 2305 435 2369 tradito
467 2305 602 2368 tribunos
633 2303 727 2384 plebis
757 2306 890 2385 pristinae
921 2305 1078 2387 potcstatis
1110 2307 1243 2368 umbram
1272 2307 1358 2368 modo
1390 2307 1508 2368 inanem
1530 2315 1562 2368 et

323 2407 388 2470 sine
409 2406 520 2469 bonore
543 2424 647 2468 nomen
670 2404 834 2469 retinuisse.
877 2407 986 2468 etenim
1008 2424 1184 2487 quamquam
1199 2407 1280 2480 iura,
1302 2425 1367 2489 quae
1382 2407 1416 2469 iis
1431 2406 1561 2487 antiqui-

324 2519 373 2570 tus
405 2509 539 2580 fuerant,
570 2507 661 2568 uerbo
693 2515 724 2568 et
754 2507 941 2570 simulatione
971 2506 1132 2569 seruabant
1158 2516 1188 2568 et
1208 2508 1330 2588 insuper
1350 2508 1413 2570 iure
1436 2508 1560 2570 uocandi

325 2609 516 2690 augebantur,
549 2607 613 2670 baeo
645 2607 743 2669 omnia
764 2627 794 2670 re
815 2627 886 2670 uera
906 2609 944 2670 ad
966 2618 1068 2670 nutum
1090 2607 1229 2688 principis
1251 2615 1446 2670 exercuerunt
1468 2627 1562 2688 neque

324 2710 381 2772 nisi
402 2729 521 2791 perraro
542 2715 648 2770 contra
669 2727 769 2770 eorum
791 2709 999 2772 auctoritatem
1021 2708 1179 2790 quidquam
1193 2709 1258 2770 ansi
1272 2716 1352 2771 sunt.
1378 2708 1563 2770 retinuerunt

323 2811 413 2892 igitur
443 2811 489 2872 ius
521 2809 686 2892 prensionis
718 2807 811 2894 (Gell.
833 2809 916 2872 XIII
939 2807 1006 2892 12),
1034 2828 1099 2872 com
1130 2809 1264 2888 patribus
1286 2809 1391 2889 agendi
1412 2810 1510 2889 utique
1531 2809 1562 2870 in

323 2921 431 2975 senatu
456 2913 602 2974 referrent
629 2908 703 2994 (1110
729 2910 814 2978 Oass.
840 2911 900 2973 LV
921 2912 940 2972 3
962 2931 989 2972 0.
1011 2909 1066 2972 ot.
1088 2909 1109 2971 8
1130 2911 1199 2971 Tac.
1222 2909 1304 2972 Anu.
1326 2908 1374 2971 VI
1397 2910 1435 2972 12
1456 2929 1484 2989 p.
1507 2909 1562 2971 Ob.

324 3011 393 3095 32),
425 3021 459 3073 01
490 3014 615 3075 eundem
644 3021 841 3074 conuocarent
868 3012 941 3098 (1110
967 3013 1050 3075 (lass.
1078 3011 1154 3072 LIX
1175 3010 1216 3072 24
1235 3005 1446 3081 tinaredoveoc
1467 3004 1564 3074 αὐτοῦ

326 3112 396 3194 (τοῦ
426 3113 540 3195 Γαΐου)
573 3107 607 3175 τὸ
638 3113 742 3196 τρίταν
774 3111 818 3197 (p.
840 3113 895 3176 Ch.
917 3112 974 3196 40)
1001 3107 1104 3185 ostem
1131 3107 1201 3175 οὔτε
1220 3113 1286 3176 τῶν
1306 3111 1477 3198 δημαρχῶν
1494 3109 1564 3176 οὔτε

325 3214 389 3276 τῶν
415 3213 596 3297 στρατηγῶν
626 3208 785 3298 ἀθροῖσαι
811 3211 867 3298 τὴν
886 3216 1055 3295 γερουσίαν
1076 3212 1231 3298 ἐτόλμησε.
1252 3215 1313 3278 LX
1336 3213 1374 3276 16
1395 3236 1422 3296 p.
1445 3215 1564 3278 (1042

326 3335 383 3380 uno
405 3335 444 3377 ex
465 3316 584 3396 collegio
606 3316 742 3378 defuncto
764 3317 873 3377 011110
894 3316 977 3378 (less.
999 3316 1172 3379 LXXVIII
1186 3311 1235 3390 37,
1257 3316 1340 3396 longo
1356 3317 1471 3378 demum
1486 3323 1563 3378 tem·

325 3437 396 3500 poro
417 3416 572 3479 interiecto
593 3435 622 3496 p.
646 3415 701 3478 Oh.
723 3416 813 3499 218),
845 3424 878 3477 01
905 3416 1028 3478 multam
1056 3417 1201 3488 dicerent,
1233 3418 1310 3497 quod
1332 3417 1378 3478 ius
1400 3437 1418 3478 0
1439 3416 1564 3479 Olaudio

325 3518 512 3582 imminutum
545 3524 604 3592 est,
637 3536 724 3598 quum
757 3522 940 3578 statueretur
970 3515 1092 3578 multam
1120 3516 1220 3578 abiis
1247 3517 1357 3579 dictam
1378 3517 1408 3579 in
1431 3517 1564 3598 publicos

326 3618 555 3683 commentarios
590 3626 748 3700 quaestores
784 3637 820 3679 ne
855 3618 997 3678 referrent
1031 3623 1101 3677 ante
1136 3624 1261 3697 quatuor
1296 3637 1430 3680 menses:
1470 3617 1564 3679 medio

326 3731 456 3801 tempore
489 3720 590 3783 liceret
622 3718 821 3781 contradicere
848 3719 942 3799 deque
970 3735 1004 3778 eo
1031 3717 1163 3779 eonsules
1185 3725 1349 3781 statuerent
1370 3717 1458 3803 (Tac.
1481 3718 1564 3780 Anu.

326 3823 408 3884 XIII
432 3818 499 3906 28).
547 3828 708 3902 potuemnt
739 3837 825 3900 porro
857 3817 1122 3881 senatusconsultis
1154 3818 1335 3881 intercedere
1366 3817 1455 3903 (Το0.
1483 3818 1564 3880 Ano.

327 3917 434 3985 11147
460 3942 490 4002 p.
513 3921 568 3985 ch.
590 3915 640 3983 37.
683 3921 763 3983 XVI
789 3917 830 3982 26
855 3939 884 4000 p.
908 3919 962 3981 Oh.
985 3917 1034 3983 66.
1076 3918 1156 3981 Η101.
1177 3920 1224 3981 IV
1245 3917 1265 3982 9
1286 3938 1315 3999 p.
1338 3920 1393 3982 ch.
1415 3917 1464 3982 69.
1507 3920 1564 3982 1110

326 4024 409 4086 Cass.
431 4024 524 4086 LVII
547 4021 585 4084 15
606 4041 635 4102 p.
658 4020 714 4085 (11.
738 4019 806 4105 16),
837 4041 891 4102 pro
917 4028 1064 4101 potestate
1093 4021 1245 4083 aduertere
1272 4018 1359 4104 (Tac.
1381 4021 1463 4083 Ano.
1484 4019 1566 4082 XIII

326 4123 393 4208 28).
436 4125 482 4188 100
514 4142 583 4186 uero
613 4141 712 4185 eorum
734 4122 883 4185 iudicandi
904 4123 983 4203 quod
1005 4131 1096 4186 antea
1117 4122 1201 4184 nullis
1223 4122 1312 4184 certis
1333 4122 1466 4184 terminis
1488 4140 1565 4201 seep-

327 4234 390 4288 tnm
412 4234 444 4288 et
465 4244 530 4288 cum
551 4223 615 4287 iure
637 4222 740 4286 auxilii
761 4223 949 4286 coniunctum
975 4223 1143 4297 habebant,
1172 4243 1230 4284 non
1260 4223 1351 4285 multo
1373 4231 1441 4304 post
1461 4221 1565 4282 interi-

327 4334 390 4388 tum
411 4326 557 4390 libertatis
578 4327 624 4389 ita
645 4345 708 4388 esse
729 4323 879 4387 delinitum
902 4324 964 4388 ueri
985 4324 1078 4386 simile
1099 4332 1146 4385 est
1166 4323 1440 4406 (Pseudo-Asson.
1464 4342 1491 4402 p.
1508 4321 1566 4384 118

329 4429 374 4488 01.
398 4424 1003 4513 000111(010.112)100001111228.
1037 4426 1080 4487 cir
1105 4425 1247 4504 Pompon.
1276 4425 1327 4486 lib.
1353 4425 1427 4502 sing.
1453 4422 1566 4484 Euchi-

328 4526 396 4588 ridii
416 4529 453 4589 L.
475 4530 494 4591 2
517 4530 531 4609 §
552 4529 602 4592 34.
634 4529 673 4591 D.
696 4529 732 4590 de
759 4525 860 4606 origin.
883 4525 937 4588 101.
962 4528 988 4588 1.
1010 4524 1060 4609 2),
1092 4533 1126 4586 01
1157 4524 1301 4587 haberent
1332 4523 1444 4586 tribuni
1476 4522 1565 4584 iuris-

329 4627 487 4691 dictionem
509 4629 546 4691 de
568 4631 748 4693 mercedibus
770 4629 863 4709 deque
885 4627 950 4690 aliis
973 4625 1136 4698 nonnullis,
1168 4643 1232 4705 quae
1259 4625 1359 4707 qualia
1381 4623 1490 4685 fuerint
1512 4641 1565 4684 ne-

329 4728 448 4794 scimus.
491 4729 537 4792 ius
557 4749 669 4812 quoque
689 4731 726 4794 iis
748 4730 840 4794 luisse
865 4735 989 4811 apparet
1015 4745 1052 4788 ex
1073 4726 1155 4791 Suet.
1178 4725 1264 4789 Dom.
1285 4726 1306 4788 8
1327 4724 1428 4787 adiles
1449 4732 1479 4786 et
1499 4723 1565 4807 qui-
