3602 5552
683 489 819 561 Spartiani
842 491 898 546 rita
919 491 1053 546 Hadriani
1457 493 1496 550 85

253 657 314 726 607
335 662 447 726 55515
470 671 501 724 55
521 661 645 724 Henzen
669 663 688 726 l.
710 664 729 726 l.
751 684 779 745 p.
794 663 852 727 195
875 671 905 725 55
927 663 1024 726 555515
1046 684 1098 728 551
1119 665 1300 747 antiquiores
1323 666 1364 728 rei
1386 667 1502 748 epigra-

254 765 348 847 pbicae
368 765 528 845 scriptores
550 771 581 824 55
602 761 693 826 015111
709 766 748 826 ad
762 763 843 826 2448
858 765 923 828 Caii
948 767 974 826 ei
996 785 1166 846 praeuonem
1187 761 1377 855 indiderint),
1400 777 1434 828 ut
1451 789 1504 829 su·

254 885 309 947 pra
340 865 482 938 uidimus,
514 862 684 926 Paulliuam
718 867 827 928 sororis
859 867 935 947 Imp.
957 866 1105 928 Hadriani
1126 867 1156 929 iu
1179 869 1366 931 matrimonio
1388 869 1502 931 habuit.

255 967 358 1028 consul
379 975 425 1029 ter
447 965 518 1038 1515,
549 963 674 1045 primurn
698 968 839 1029 suffectus
861 986 890 1046 p.
913 967 968 1029 ch.
992 967 1063 1041 103,
1084 968 1192 1032 iterum
1214 989 1243 1050 p.
1265 969 1320 1032 Oh.
1345 969 1419 1042 Ill,
1442 979 1504 1030 551-

253 1067 328 1130 51515
351 1067 517 1128 ordinarius
540 1086 569 1147 p.
591 1065 646 1128 Ch.
671 1067 739 1129 134.
783 1067 888 1129 intima
921 1068 1127 1131 familiaritate
1158 1089 1224 1132 oum
1256 1071 1312 1132 hoo
1340 1078 1405 1132 5155
1432 1089 1504 1132 oon-

252 1168 372 1230 iuuctus
392 1167 510 1229 Plinius
532 1167 636 1240 minor,
658 1169 707 1248 qni
730 1169 767 1230 ad
790 1188 854 1230 euru
878 1169 987 1230 multas
1010 1169 1093 1231 misit
1113 1171 1255 1250 epistolas
1277 1170 1368 1254 (Epp.
1391 1171 1502 1234 11117.

253 1269 300 1330 IV
321 1267 350 1331 9.
383 1269 484 1331 1120.
518 1268 615 1329 Vre.
640 1269 686 1330 13.
708 1267 773 1354 26).
816 1289 955 1349 generum
977 1270 1083 1332 babuit
1102 1272 1231 1333 Fuscum
1254 1272 1336 1334 illum
1351 1272 1503 1335 Salinato-

252 1388 316 1431 rem
335 1367 403 1453 (olr.
417 1369 497 1430 infra
512 1389 536 1431 5.
553 1369 608 1453 23)
623 1370 673 1450 qui
694 1390 722 1431 a.
745 1390 773 1450 p.
796 1370 850 1432 ch.
875 1369 933 1431 118
955 1370 1056 1433 consul
1079 1371 1245 1434 ordinarius
1267 1372 1323 1434 fuit
1344 1392 1409 1434 oum
1424 1375 1500 1454 Imp.

252 1469 406 1532 Hadriano
428 1466 522 1553 (Plio.
545 1470 563 1531 l.
579 1471 598 1532 l.
619 1470 667 1532 VI
681 1469 721 1533 26
736 1471 788 1532 511.
810 1471 952 1551 Borghesi
974 1471 1105 1534 Oeuvres
1126 1473 1217 1535 Num.
1239 1472 1307 1534 Vol.
1323 1474 1355 1534 H
1369 1493 1398 1554 p.
1414 1470 1501 1557 212).

253 1591 318 1632 eum
340 1590 409 1632 5515
431 1559 617 1632 Hadrianum
639 1590 837 1634 successorem
860 1571 917 1634 sibi
938 1572 1103 1634 destinasse
1130 1573 1324 1635 consentiunt
1351 1583 1381 1635 55
1408 1575 1503 1656 Spar-

254 1671 352 1734 tianus
375 1669 459 1757 (uide
480 1672 558 1732 15115
580 1692 605 1736 5.
628 1674 668 1733 23
689 1672 703 1753 6
726 1670 761 1756 2)
787 1681 817 1735 55
844 1673 903 1734 Dio
930 1673 1016 1735 0555.
1038 1673 1148 1734 LXIX
1172 1668 1219 1736 17.
1262 1683 1365 1754 postea
1387 1684 1503 1748 tamen,

251 1791 338 1852 quum
360 1773 391 1833 in
413 1772 608 1852 suspicionem
632 1773 747 1854 imperii
769 1774 911 1835 adfectati
934 1773 1087 1836 incidisset
1108 1773 1216 1837 iniuste
1239 1784 1271 1836 ut
1287 1775 1412 1850 uidetur,
1429 1776 1502 1838 mori

251 1892 317 1934 eum
338 1873 511 1935 Hadrianus
539 1874 637 1953 coegit
664 1875 751 1955 idque
785 1875 896 1936 facturn
919 1882 1044 1936 estnon
1068 1875 1161 1937 multo
1184 1883 1253 1937 ante
1276 1876 1389 1938 obitum
1411 1877 1503 1958 ipsius

250 1973 437 2055 imperatoris
458 1971 577 2058 (Spart.
599 1976 667 2037 11111.
690 1976 710 2036 1.
732 1975 751 2036 1.
773 1975 831 2038 Dio
852 1974 938 2038 Cass.
960 1975 1072 2037 LXIX
1092 1977 1111 2036 2
1145 1971 1192 2039 17.
1214 1976 1356 2038 LXXVI
1370 1972 1416 2061 7).
1439 1997 1503 2039 mo-

250 2073 409 2138 ribundum
431 2075 461 2135 id
482 2093 549 2136 eum
571 2077 702 2138 referunt
724 2095 743 2136 a
765 2076 821 2138 diis
842 2094 974 2156 rogasse,
996 2085 1030 2138 ut
1051 2077 1238 2151 Hadrianus,
1260 2097 1350 2158 quum
1371 2089 1501 2160 cuperet,

250 2176 325 2238 mori
346 2195 405 2238 non
427 2184 529 2256 posset
550 2174 624 2261 (Dio
646 2176 733 2238 (1555.
756 2176 774 2238 1.
797 2174 843 2259 1.).

332 2276 346 2357 6
370 2276 418 2338 11.
439 2277 492 2339 cfr.
514 2277 656 2340 Philostr.
680 2278 761 2339 Vitae
783 2277 876 2359 Soph.
899 2298 927 2359 p.
952 2278 990 2340 12
1013 2279 1060 2340 ed.
1082 2279 1200 2342 Kaiser.

333 2377 418 2458 §la
462 2376 644 2439 Fauorinus.
687 2377 794 2442 Gallus
826 2378 874 2440 hic
902 2379 1026 2441 Arelate
1058 2381 1199 2442 oriundus
1231 2389 1346 2443 mature
1374 2381 1502 2444 Romam

251 2479 349 2552 55515,
382 2479 432 2542 ubi
464 2497 523 2540 non
548 2479 664 2542 Graeois
691 2479 786 2541 solum
808 2479 902 2540 literis
931 2481 982 2541 sed
1008 2481 1098 2542 etiam
1130 2481 1249 2543 Latinis
1282 2501 1399 2562 operam
1423 2483 1504 2544 dedit

250 2576 321 2663 (511.
345 2578 420 2642 Gell.
443 2579 490 2640 IV
514 2578 556 2662 1).
589 2581 715 2642 11155515
749 2580 871 2642 rhetora
902 2591 1113 2661 praeceptorem
1146 2582 1261 2645 habuit.
1304 2591 1408 2662 postea
1435 2602 1504 2645 uero

250 2681 409 2742 multorum
430 2688 461 2742 et
481 2680 666 2760 praeclarium
690 2680 816 2742 uirorum
840 2681 1040 2744 familiaritate
1063 2703 1134 2745 usus
1155 2683 1262 2745 intima
1287 2683 1420 2744 amicitia
1435 2702 1507 2744 cou-

249 2781 366 2843 iuuctus
391 2790 455 2842 erat
476 2801 542 2843 cnm
564 2781 744 2856 Plutarcho,
776 2782 827 2862 qui
855 2782 961 2844 librum
989 2783 1025 2843 de
1047 2783 1141 2863 primo
1163 2784 1267 2863 l'rigido
1289 2784 1315 2844 ei
1337 2783 1505 2862 inscripsit,

250 2884 416 2956 Frontone,
448 2883 567 2944 Herode
598 2881 719 2957 Attico,
742 2883 820 2944 aliis.
863 2902 964 2944 omnes
987 2885 1048 2944 1515
1076 2884 1246 2964 disciplinas
1269 2893 1394 2947 nouerat
1416 2893 1446 2945 et
1467 2885 1503 2946 dc

251 2983 387 3044 omnibus
409 2984 470 3044 1515
492 2984 580 3045 rebus
601 2983 734 3044 scribens
756 2983 865 3044 multos
887 2992 919 3044 et
940 2983 1038 3045 uarios
1060 2985 1151 3046 libros
1173 2985 1354 3065 composuit,
1381 3003 1502 3065 quorum

250 3083 341 3164 siquis
374 3083 478 3146 titulos
506 3083 678 3163 cognouisse
700 3083 829 3146 uoluerit
850 3083 983 3145 inueniet
1004 3085 1083 3164 apud
1105 3085 1223 3147 Kaisar.
1247 3085 1293 3146 ed.
1316 3085 1395 3146 laud.
1417 3086 1503 3148 nitar.

250 3184 343 3265 Soph.
366 3204 395 3264 p.
420 3183 478 3245 182
500 3203 544 3264 sq.
567 3203 659 3264 nugas
681 3203 796 3265 quoque
819 3204 919 3246 eorum
942 3193 1109 3264 temporum
1133 3205 1212 3248 more
1236 3186 1412 3266 consempsit
1433 3186 1504 3274 (511.

250 3285 321 3348 Mai.
344 3286 384 3346 ad
405 3287 549 3346 Fronton.
572 3305 601 3365 p.
624 3284 681 3348 361
706 3286 751 3347 ed.
767 3286 908 3347 Francof.
933 3283 1027 3369 1816)
1049 3296 1083 3348 ut
1104 3287 1205 3349 laudes
1228 3287 1389 3362 Thersitis,
1412 3288 1503 3350 febris

250 3394 404 3466 quartana
426 3394 483 3448 cet.
506 3385 537 3447 in
560 3385 747 3466 philosophia
768 3386 979 3448 Academicum
1002 3387 1150 3450 rationem
1169 3399 1289 3450 secutus
1311 3389 1406 3450 multa
1438 3409 1504 3452 cum

250 3487 316 3548 aliis
338 3486 520 3566 philosophis
552 3496 583 3548 et
614 3487 781 3550 rhetoribus
814 3487 921 3549 habuit
952 3489 1125 3550 certamina.
1168 3498 1319 3552 uersutum
1347 3497 1446 3550 antem
1473 3498 1504 3551 55

251 3587 388 3650 callidum
411 3588 502 3649 fuisse
525 3598 648 3669 apparet
671 3599 702 3650 55
724 3589 907 3668 temporibus
928 3588 1147 3652 inseruientem.
1191 3591 1316 3652 multum
1345 3590 1371 3650 51
1398 3588 1505 3650 detulit

251 3689 417 3769 Imperator
447 3688 620 3751 Hadrianus
652 3709 705 3752 nec
738 3690 842 3751 51115111
870 3698 935 3751 5155
962 3700 1105 3771 quumut
1127 3700 1156 3752 et
1179 3711 1217 3752 ex
1238 3691 1293 3752 hoc
1314 3690 1378 3751 loco
1406 3687 1504 3770 Spar-

251 3789 314 3851 tani
336 3797 366 3850 et
389 3809 426 3849 ex
447 3789 514 3850 aliis
547 3810 611 3870 quae
644 3799 748 3853 551155
779 3790 982 3854 Philostratus
1014 3810 1131 3870 semper
1158 3791 1234 3853 iram
1266 3789 1413 3852 Hadriani
1441 3790 1504 3852 cal-

252 3890 310 3951 lide
331 3888 473 3952 auertisse
496 3890 640 3953 uideatur.
684 3891 804 3952 tandem
833 3910 902 3953 uero
929 3892 1019 3953 551515
1047 3911 1112 3952 5115
1135 3892 1313 3971 imperatore
1335 3890 1502 3952 contentio-

252 3990 339 4052 nibus
361 3990 434 4052 ortis
456 4012 475 4052 a
496 3992 691 4053 contubernio
713 3990 776 4052 eius
797 4001 928 4052 remotus
950 3999 996 4052 est
1017 3988 1099 4074 (uide
1119 3993 1333 4055 Philostratum
1350 3990 1368 4052 l.
1385 3992 1403 4052 l.
1426 3990 1502 4053 Gell.

251 4092 291 4154 N.
312 4090 351 4153 A.
374 4092 389 4152 I
411 4091 440 4163 3,
466 4093 514 4166 10,
535 4092 584 4154 21.
617 4093 649 4154 ΙΙ
673 4093 719 4164 12,
741 4093 791 4152 22.
824 4092 871 4152 III
896 4092 922 4163 1,
947 4090 993 4153 16.
1020 4092 1067 4153 IV
1091 4093 1116 4155 1.
1145 4093 1193 4155 IX
1215 4093 1244 4154 8.
1266 4093 1314 4154 XI
1336 4091 1364 4152 5.
1386 4092 1452 4153 XII
1476 4093 1502 4154 1.

251 4193 332 4254 XIII
343 4191 393 4254 24.
415 4192 496 4254 XIV
519 4194 547 4267 Ι,
569 4195 598 4255 2.
630 4192 727 4255 XVII
751 4192 798 4254 10.
830 4191 944 4253 XVIII
967 4193 993 4253 1.
1021 4193 1104 4254 XIX
1125 4195 1154 4256 3.
1176 4193 1242 4256 XX
1270 4194 1292 4254 Ι.
1314 4193 1402 4254 Dion.
1415 4192 1500 4256 Cass.

252 4293 396 4354 LXIX3
418 4300 447 4354 55
468 4293 541 4356 51155
564 4293 720 4356 555551155
742 4291 851 4356 Galeni
871 4291 1016 4372 Diogenis
1036 4295 1152 4356 Laertii
1177 4294 1300 4356 aliomm
1318 4293 1407 4366 locos,
1429 4311 1501 4374 quos

252 4394 356 4456 laudat
376 4393 487 4456 Kaiser
508 4395 527 4456 l.
550 4392 596 4479 1.).

335 4493 421 4575 113.
465 4494 592 4576 triginta
613 4493 750 4576 lapionea.
794 4493 1012 4574 conscripserat
1037 4495 1113 4556 enim
1144 4493 1293 4557 Traianus
1321 4495 1501 4575 trigesimam

252 4594 395 4676 legionem
428 4595 550 4679 leiam
583 4595 762 4669 Victricem,
794 4613 882 4676 quarn
914 4595 1094 4677 trigesimam
1123 4594 1189 4658 ideo
1217 4604 1393 4672 uocauerat,
1426 4599 1504 4680 quod
