3602 5552
332 547 372 602 26
805 543 895 602 Julius
916 543 1086 600 &mur

411 717 475 780 iam
497 735 571 780 uero
593 717 626 779 in
647 735 711 779 una
725 735 758 779 rs
770 734 876 779 omnes
888 713 1096 789 consentiunt,
1110 713 1193 795 quod
1205 733 1301 794 genus
1312 713 1457 795 loquendi
1469 713 1569 795 Spar-

328 818 408 881 ciani
429 818 597 899 pessimum
621 837 688 880 esse
711 817 827 880 dicant.
870 814 952 898 quod
985 832 1078 896 quum
1099 833 1205 878 uerum
1228 833 1297 877 esse
1318 815 1495 890 concedam,
1516 822 1569 877 te-

328 940 395 982 men
417 918 450 981 in
472 939 510 980 ea
538 938 572 981 rs
593 917 705 981 ceteris
727 919 793 984 Sor.
815 917 856 980 H.
877 915 918 978 A.
941 934 1009 978 eum
1031 915 1216 978 antecellere
1238 923 1333 996 puto,
1354 916 1437 998 quod
1459 915 1569 978 melius

327 1021 467 1082 ordinem
490 1039 590 1084 rernm
614 1019 845 1082 incarnatione
866 1023 982 1078 seruat.
1025 1035 1121 1099 qnare
1142 1035 1204 1078 nou
1225 1017 1328 1080 facere
1348 1035 1476 1098 possum
1494 1015 1569 1097 quin

326 1140 393 1183 cum
415 1121 572 1184 Flemmer
592 1118 646 1204 (de
668 1119 807 1182 itinerib.
830 1125 863 1180 et
883 1117 947 1180 reb.
969 1124 1047 1198 gest.
1070 1110 1570 1180 HadrianiDiss.Hauniae18'll

325 1241 355 1301 p.
377 1220 423 1306 4.)
446 1241 516 1283 curn
537 1227 717 1283 accuratum
740 1228 772 1282 et
785 1219 845 1282 fide
866 1219 993 1298 dignum
1015 1218 1199 1298 scriptorem
1221 1237 1451 1280 essecenseam.
1487 1217 1568 1300 qnod

324 1322 471 1385 iudicium
494 1321 548 1396 iis,
570 1341 638 1404 quse
659 1321 745 1384 iufra
766 1321 915 1393 dicentur,
938 1317 1039 1399 magis
1061 1318 1154 1381 etiarn
1177 1319 1418 1382 confirmabitur.

873 1714 965 1816 llcp.
990 1713 1021 1795 I.

404 1925 419 2006 d
452 1925 480 1986 1.
522 1923 786 2008 Hispaniensibus.
827 1923 1049 2005 Hispaniensis
1075 1921 1129 1986 ille
1160 1923 1348 2006 appellatur,
1374 1924 1482 2006 quiin
1505 1925 1566 1988 Hl-

320 2025 434 2105 spenie
464 2031 556 2088 natus
587 2026 639 2088 uel
670 2027 832 2100 habitans,
864 2025 991 2088 aliunde
1017 2025 1169 2106 originem
1190 2023 1293 2086 trahit
1312 2025 1430 2105 gentis,
1451 2032 1487 2089 ut
1507 2045 1565 2107 ap-

319 2133 411 2205 paret
433 2145 473 2186 ex
493 2126 623 2208 Vopisc.
644 2127 760 2190 Bonos.
781 2146 806 2189 c.
830 2127 877 2190 14.
920 2125 1063 2188 Bonosus
1082 2124 1170 2188 domo
1184 2122 1385 2208 Hispaniensi
1398 2126 1480 2212 fuit,
1501 2127 1564 2189 ori-

316 2227 388 2310 pins
419 2225 600 2290 Britannus.
638 2228 703 2290 alia
730 2247 805 2291 nero
826 2227 949 2291 ratione
971 2226 1033 2290 alio
1055 2225 1139 2289 idem
1159 2225 1295 2306 scriptor
1315 2225 1383 2288 loco
1405 2227 1486 2290 hano
1506 2227 1564 2290 ad-

318 2326 407 2388 hibet
428 2345 553 2404 uocem,
573 2333 609 2390 nt
629 2328 716 2390 dicat
739 2326 969 2412 Hispaniensem
990 2325 1132 2389 mtutiam
1153 2325 1262 2410 (Prob.
1286 2324 1319 2410 l)
1337 2345 1394 2407 pro
1419 2346 1456 2390 eo
1481 2329 1564 2410 quod

319 2435 368 2489 est
388 2428 508 2490 astutia
528 2429 658 2511 proprie
678 2430 903 2510 Hispanorum.
947 2429 988 2491 ad
1010 2427 1091 2491 hanc
1104 2444 1182 2490 uero
1204 2425 1296 2489 latini
1317 2427 1403 2490 uerbi
1416 2428 1573 2491 similitu--

318 2527 422 2590 dinem
451 2529 553 2592 Greci
575 2530 670 2592 etiam
692 2532 812 2594 habent
831 2527 954 2603 Ἰταλός
975 2537 1007 2592 et
1022 2523 1196 2612 Ἰταλιώτης
1216 2527 1287 2611 (cir.
1311 2527 1446 2590 (iassab.
1468 2531 1509 2592 ed
1531 2531 1562 2592 h.

318 2629 337 2690 l.
371 2635 403 2690 et
435 2629 527 2693 Stura
559 2631 591 2693 in
619 2632 666 2693 sd.
688 2632 782 2694 Dion.
806 2630 894 2694 (lass.
915 2632 964 2694 VI
985 2650 1015 2712 p.
1037 2629 1124 2714 604).
1167 2636 1239 2692 sunt
1259 2635 1363 2691 autem
1385 2629 1562 2693 huiusmodi

317 2729 382 2791 alia
413 2731 512 2793 multa
543 2740 575 2794 et
606 2751 707 2812 greca
739 2739 771 2794 st
792 2733 901 2796 latina.
925 2768 964 2778 -
985 2728 1112 2793 Hadria
1133 2739 1212 2793 ortos
1232 2729 1384 2793 resedisse.
1417 2731 1561 2794 Italicam

317 2831 458 2894 condidit
489 2833 525 2896 P.
557 2833 665 2914 Scipio
698 2833 898 2896 Aemilianus
931 2831 1086 2917 (Appinn.
1119 2831 1198 2894 Bell.
1231 2829 1363 2911 Hispan.
1402 2851 1427 2893 c.
1459 2831 1500 2894 38
1531 2853 1561 2914 p.

316 2926 377 2994 2⁷5
409 2932 484 2994 edit.
517 2933 686 3018 stephan.)
719 2934 759 2996 ad
791 2935 920 2997 fluvium
952 2933 1074 2996 Boetim
1108 2931 1260 2994 militibus
1297 2931 1351 3014 qui
1384 2915 1561 2996 vulneribus

317 3031 433 3094 adfecti
456 3041 562 3110 essent
583 3035 749 3116 compulsis
770 3034 803 3097 in
826 3055 921 3099 unam
942 3034 1049 3097 urbem
1071 3053 1139 3115 qnae
1160 3052 1180 3095 a
1201 3032 1306 3114 patria
1326 3051 1432 3095 eornm
1449 3053 1559 3097 nomen

316 3133 453 3213 accepit,
479 3133 737 3217 municipiumque
769 3144 883 3217 postca
915 3142 998 3210 erat,
1030 3136 1129 3197 donec
1150 3134 1197 3197 ius
1220 3133 1407 3196 coloniarum
1429 3134 1469 3195 ab
1491 3135 1560 3196 Ha-

316 3233 426 3295 driano
448 3233 630 3298 Italicenses
651 3235 809 3317 petierunt
829 3235 926 3322 (Gell.
948 3236 989 3299 N.
1011 3235 1051 3298 A.
1073 3237 1152 3310 XV,
1172 3235 1203 3308 3,
1223 3234 1246 3297 4
1265 3253 1296 3314 p.
1318 3233 1380 3297 386
1401 3235 1448 3296 sd.
1463 3233 1560 3321 Lion)

316 3341 347 3395 st
379 3333 556 3414 appellatur
576 3337 700 3399 colonia
724 3338 756 3399 in
777 3337 870 3400 titulo
893 3336 1009 3423 (Orelli
1030 3333 1096 3419 96),
1118 3353 1207 3417 quem
1230 3353 1326 3416 quare
1348 3334 1409 3396 sibi
1430 3355 1558 3417 suspec-

314 3444 378 3497 tum
410 3454 477 3498 esse
509 3436 595 3500 dicat
626 3436 777 3513 Orellius‚
809 3439 900 3519 plane
934 3437 1032 3500 nescii
1057 3455 1170 3499 snmus.
1202 3434 1357 3516 hodieque
1377 3436 1558 3516 parietina,

314 3554 383 3616 quae
411 3536 443 3597 iu
465 3537 574 3600 eodem
596 3538 663 3601 loco
685 3548 774 3613 snut,
794 3538 848 3601 ubi
870 3544 1009 3600 ueterem
1031 3537 1137 3599 urbem
1159 3535 1253 3598 sitam
1273 3535 1369 3598 fuisso
1390 3536 1475 3600 docti
1496 3537 1558 3600 uiri

313 3643 440 3715 putant,
472 3637 674 3702 nominantur
705 3636 816 3702 Ssoilla
847 3637 878 3700 la
908 3635 1230 3721 oieja310cacircum
1257 3635 1392 3699 iacentia
1412 3635 1443 3700 la
1467 3636 1558 3702 Talna

312 3734 423 3820 (Ulcere
444 3735 558 3819 Geogr.
581 3740 609 3801 d.
634 3739 689 3802 Gr.
711 3758 742 3801 n.
763 3739 855 3802 Rom.
877 3737 911 3799 II
934 3738 950 3798 l
973 3755 1043 3817 pag.
1066 3733 1141 3818 372)
1163 3771 1202 3782 -
1223 3733 1357 3798 inlibris
1370 3773 1461 3785 --
1475 3760 1556 3802 emn-

312 3847 464 3900 msmorat.
486 3839 529 3901 id.
551 3839 636 3902 inira
657 3859 682 3902 c.
707 3837 745 3900 16
767 3847 798 3901 et
819 3839 926 3919 Spart.
949 3837 1055 3902 Seuer.
1078 3857 1104 3900 c.
1125 3838 1174 3900 20.

392 3937 457 4019 §2
500 3936 605 4002 Aelius
624 3937 808 4001 Hadrianus
829 3947 1017 4021 sopnomsnto
1039 3935 1125 4023 Afer,
1148 3943 1275 4001 senator
1295 3937 1362 4004 ΡΟ.
1382 3939 1452 4004 RO.
1473 3959 1553 4022 prs-

310 4037 411 4100 torius
439 4039 509 4123 (cir.
535 4040 597 4102 Dio
620 4040 709 4103 Oass.
731 4039 844 4104 LXIX
866 4059 890 4100 c.
912 4039 932 4101 3
953 4039 1069 4103 Suidas
1091 4059 1120 4102 v.
1139 4033 1307 4124 Ἀδριανός
1328 4042 1376 4106 ed.
1397 4041 1553 4105 Gaislord.

312 4138 410 4201 Orelli
441 4139 514 4215 804,
534 4140 588 4202 ubi
613 4140 728 4220 hospes
751 4140 877 4222 quidam
899 4140 967 4204 eius
994 4141 1275 4226 commemoratur).
1297 4177 1339 4190 -
1359 4141 1554 4206 consobrinus

314 4237 441 4302 Traiani
471 4240 669 4324 imperatoris.
702 4241 903 4304 consobrinus
935 4260 993 4322 pro
1026 4260 1062 4304 eo
1084 4242 1166 4323 quod
1187 4252 1236 4306 est
1256 4244 1433 4307 consobrini
1454 4243 1553 4318 lilius,

309 4341 396 4403 cuius
416 4359 490 4404 usus
511 4340 667 4403 inuenitur
688 4341 776 4404 alind
797 4342 972 4423 exemplum
992 4342 1075 4404 inira
1096 4342 1112 4425 d
1135 4344 1182 4405 10.

391 4441 453 4503 iem
484 4460 558 4504 uero
590 4441 650 4502 hoc
676 4441 744 4503 loco
766 4450 897 4505 stemma
917 4443 1126 4524 proferemus,
1149 4462 1209 4526 qno
1231 4463 1391 4508 numerum
1415 4439 1551 4505 maxime

310 4549 343 4603 et
362 4540 522 4604 titulorum
544 4541 735 4605 auctoritate
761 4543 882 4624 plenius
911 4551 942 4606 et
962 4544 1145 4625 perfectius,
1167 4564 1259 4627 quem
1284 4544 1417 4608 antehac
1432 4543 1549 4604 factum

310 4648 373 4716 est,
404 4640 615 4721 perficiemus,
647 4650 684 4704 ut
715 4644 869 4725 quomodo
900 4645 1053 4708 Traianus
1078 4645 1241 4708 Hadriano
1268 4651 1418 4726 cognatus
1439 4641 1550 4718 luerit,

310 4741 479 4804 clarissime
512 4741 763 4810 demonstremus.
805 4763 905 4828 neque
938 4745 1021 4808 enim
1048 4744 1100 4827 qui
1132 4745 1166 4808 in
1190 4745 1249 4810 has
1270 4764 1303 4808 re
1325 4750 1420 4808 antea
1442 4743 1549 4806 elabo-

310 4846 420 4904 rarunt
454 4838 541 4927 (uide
574 4863 623 4907 ex.
655 4863 699 4927 gr.
734 4842 854 4912 Odnwn
884 4845 976 4944 Easti
1006 4844 1141 4910 sommi
1172 4845 1206 4908 Π
1236 4865 1268 4927 p.
1301 4843 1349 4908 18.
1401 4841 1550 4910 Manis
