3602 5552
370 457 410 512 88
492 481 499 497 ·
850 463 939 520 Julius
961 465 1132 522 Gentemll.

369 631 455 694 Suet.
469 633 507 694 de
526 633 631 696 illustr.
646 651 768 712 gmmru.
785 629 874 698 1-r.
907 635 943 696 de
957 635 1028 696 clar.
1045 634 1121 696 rhet.
1139 634 1166 694 1.
1189 629 1266 692 Gell.
1282 629 1347 692 XV
1365 629 1397 689 ll
1413 626 1504 714 eet),
1524 631 1615 693 donec

369 731 463 794 lulius
494 733 596 796 (199991
626 752 727 794 ornnes
759 735 912 798 medicinae
938 734 1041 796 1199119
1068 734 1249 813 professores
1271 737 1303 791 et
1324 728 1488 792 liberalium
1510 732 1615 793 artium

370 833 507 896 doctores
528 833 604 916 (qui,
625 843 659 894 nt
680 851 717 894 ex
740 834 841 897 multia
864 835 934 896 locis
949 833 1077 907 uidetur,
1091 834 1179 896 iidem
1194 839 1266 896 sunt
1283 849 1319 892 ac
1335 829 1542 913 professores),
1564 850 1619 912 quo

371 934 511 998 libentius
531 943 562 995 et
583 933 638 1012 ipsi
661 933 762 996 urberu
783 934 948 998 incolerent
968 942 1001 996 91
1020 935 1112 996 991911
1132 940 1321 1014 9999191991,
1342 931 1467 994 91911919
1487 931 1621 994 donauit.

372 1033 570 1116 (Succusa.
592 1031 658 1114 42).
701 1033 858 1114 Augustus
889 1035 996 1097 deinde
1026 1035 1054 1096 iu
1083 1054 1191 1114 magna
1212 1031 1265 1094 illa
1286 1033 1363 1094 19919
1385 1051 1450 1112 qure
1471 1031 1530 1094 1911
1550 1052 1621 1094 ann.

372 1155 399 1214 p.
415 1129 769 1215 (15.5917(1)190999.
791 1135 851 1197 LV
871 1134 920 1197 26.
964 1135 1087 1198 Orosius
1110 1136 1173 1197 VII
1194 1135 1214 1196 3
1235 1127 1391 1216 (hanah)
1412 1151 1516 1194 ornnes
1537 1151 1622 1213 pere-

369 1233 467 1312 grinos
499 1233 614 1312 expulit
639 1235 771 1314 exceptis
801 1235 921 1298 medicis
942 1246 973 1298 et
995 1235 1236 1317 praeceptoribus.
1279 1233 1392 1314 primns
1413 1232 1620 1312 Vespasianus

370 1333 479 1394 eliseo
511 1333 629 1396 Latinis
649 1335 819 1416 Graecisque
852 1335 1020 1400 rhetoribus
1047 1357 1148 1400 annua
1179 1343 1307 1400 centena
1338 1334 1496 1396 constituit
1517 1330 1617 1417 (Suet.

371 1433 461 1516 Vesp.
485 1433 524 1497 18
545 1436 597 1498 911.
619 1437 752 1498 Zonaras
777 1437 823 1509 11,
846 1431 901 1521 17)
923 1446 954 1500 91
974 1437 1178 1501 immunitates
1200 1435 1293 1510 dedit,
1314 1432 1369 1520 (D.
1385 1434 1435 1508 51),
1455 1433 1484 1496 4.
1507 1433 1543 1495 L.
1566 1434 1620 1496 ult.

370 1536 462 1619 (30)
494 1545 525 1598 91
555 1555 731 1618 quamquam
753 1537 778 1598 si
807 1537 929 1600 Zonarae
955 1538 1131 1602 credendum
1154 1546 1200 1600 est
1221 1546 1328 1618 postea
1349 1536 1467 1598 eosdem
1489 1534 1621 1597 rhetores

371 1639 539 1718 expellebat
553 1636 780 1716 Vespasianus,
801 1638 971 1701 institutum
986 1648 1086 1701 tamen
1102 1647 1208 1719 postea
1222 1636 1333 1700 mansit
1348 1635 1417 1721 (911.
1429 1633 1534 1706 Quint
1546 1636 1621 1696 Inst.

370 1739 420 1802 Or.
433 1739 463 1800 11
480 1740 515 1801 12
526 1739 540 1820 §
553 1739 601 1811 11,
620 1732 685 1820 12).
707 1739 892 1818 perspicuum
914 1749 1013 1802 antem
1034 1749 1208 1802 9919911991
1225 1757 1379 1800 numerum
1393 1757 1492 1799 eornm
1508 1736 1622 1798 eonsti-

370 1847 467 1902 tutnm
499 1838 659 1919 1919991991
686 1837 811 1917 91911919
839 1848 869 1901 91
896 1840 1307 1922 199991191999991991991,
1339 1856 1517 1919 quamquam
1540 1837 1622 1899 nulla

370 1942 407 2002 de
435 1960 469 2002 ea
501 1959 532 2000 re
564 1945 650 2000 extat
682 1940 792 2001 mentio
825 1950 895 2003 anto
929 1942 1084 2023 epistolam
1116 1942 1198 2004 illam
1225 1938 1375 2003 Antonini
1403 1938 1450 2000 Pii
1472 1939 1619 2000 communi

371 2039 453 2103 Asiae
475 2039 648 2119 rescriptam
670 2036 872 2124 (Modestinus
893 2043 927 2106 O.
950 2045 978 2105 2.
1002 2043 1247 2106 Excusationnm.
1270 2041 1306 2103 L.
1327 2039 1348 2102 6
1368 2040 1384 2122 §
1405 2041 1425 2100 2
1445 2041 1484 2102 D.
1507 2038 1543 2102 de
1563 2058 1615 2100 ex·

371 2135 506 2215 cus.27‚
529 2140 562 2224 1)
594 2159 653 2222 qua
685 2161 824 2204 numerus
850 2143 1029 2207 medicorum
1058 2143 1208 2207 rhetorum
1237 2141 1511 2222 grammaticorum,
1534 2159 1613 2221 quern

370 2261 492 2326 quaeque
512 2241 619 2305 ciuitas
639 2261 693 2323 919
715 2244 918 2325 magnitudine
939 2245 1049 2308 habere
1070 2254 1187 2326 posset,
1209 2244 1355 2307 definitur.
1399 2241 1500 2304 eodem
1516 2251 1616 2304 autem

370 2345 434 2406 loco
456 2343 647 2406 constituitur
668 2345 757 2406 etiam
780 2347 816 2406 de
838 2346 1025 2410 immunitate
1047 2356 1075 2408 et
1099 2344 1341 2408 excusationibus
1363 2351 1393 2405 et
1418 2341 1522 2405 horum
1545 2361 1618 2423 quos

370 2466 461 2526 99919
492 2445 663 2506 9991991991
695 2455 726 2506 91
756 2445 1031 2527 philosophorum·
1047 2448 1084 2508 de
1108 2447 1214 2526 quibus
1243 2446 1329 2507 aliter
1351 2445 1400 2507 alii
1423 2444 1618 2524 imperatores

370 2547 597 2627 rescripserunt,
625 2556 657 2607 et
688 2545 781 2624 legum
814 2547 976 2608 doctorum.
1009 2545 1078 2631 (911.
1111 2555 1218 2626 praeter
1249 2547 1329 2610 locos
1359 2546 1496 2607 laudatos
1524 2544 1617 2625 Papi·

371 2650 449 2710 9199.
465 2647 514 2708 115.
531 2648 780 2726 lResponsornm
814 2647 849 2708 L.
871 2646 892 2708 8
913 2648 927 2729 §
948 2649 978 2709 4.
1022 2647 1362 2721 1).11999991.50,5.
1395 2647 1466 2710 ibid.
1489 2649 1525 2709 L.
1547 2645 1619 2708 991

372 2751 419 2811 to.
442 2749 476 2811 G.
501 2750 528 2809 l.
551 2747 578 2808 3.
596 2749 643 2809 ill.
661 2745 709 2809 16.
732 2747 805 2810 Cod.
821 2748 934 2810 Theod.
957 2751 994 2810 de
1017 2749 1120 2812 medio.
1135 2749 1216 2811 XIII
1231 2749 1259 2811 3.
1287 2747 1432 2823 0.6‚11.
1454 2749 1528 2811 (lod.
1543 2749 1617 2811 lust.

369 2851 406 2912 de
429 2850 551 2931 9191999.
574 2849 607 2910 X
628 2846 695 2932 52).
728 2868 778 2910 999
798 2869 871 2912 9919
892 2850 1096 2913 immunitates
1119 2862 1187 2932 post
1209 2851 1429 2930 Vespasianum
1452 2851 1618 2930 Imperator

371 2952 541 3013 Hadrianus
563 2950 753 3012 confirmasse
774 2959 804 3013 et
827 2951 945 3013 auxisse
966 2952 1085 3015 uidetur
1106 2950 1161 3038 (D.
1183 2951 1233 3025 50,
1247 2952 1276 3014 4.
1299 2952 1335 3015 L.
1350 2953 1405 3014 ult.
1420 2953 1434 3034 §
1449 2951 1516 3035 30).
1538 2951 1617 3014 idom

370 3053 460 3114 etiam
476 3052 514 3113 ad
528 3051 693 3131 exemplum
709 3051 804 3114 Musei
816 3051 1015 3115 Alexandrini
1031 3051 1115 3138 (uide
1126 3054 1252 3116 Excurs.
1264 3049 1295 3136 I)
1311 3054 1416 3115 Romae
1426 3051 1618 3125 Athenaeum,

371 3149 490 3236 (Aurei.
512 3152 594 3214 Viot.
616 3150 691 3214 Oaes.
713 3150 810 3237 XIII)
832 3153 909 3234 qnod
930 3153 975 3215 ita
996 3155 1138 3228 uocabat,
1161 3155 1228 3234 qnia
1250 3154 1291 3216 ibi
1313 3154 1391 3216 docti
1406 3155 1462 3216 uiri
1477 3155 1618 3216 docerent

368 3263 399 3316 ot
416 3253 551 3333 discipuli
566 3253 750 3314 erudirentur
773 3251 848 3336 (Dio
871 3253 956 3316 Cass.
978 3255 1123 3317 LXXIII
1147 3255 1199 3339 ll)
1221 3255 1380 3317 aedifioanit
1401 3252 1471 3340 (911.
1493 3255 1615 3336 Lampr.

369 3354 439 3417 Seu.
463 3352 550 3416 Alex.
573 3352 622 3414 35.
645 3351 797 3434 Spartian.
820 3353 963 3417 Gordian.
985 3375 1046 3417 sen.
1069 3355 1088 3416 3
1111 3356 1163 3418 911.
1185 3375 1211 3417 9.
1228 3356 1247 3418 3
1266 3355 1339 3417 Ood.
1356 3356 1468 3418 Theod.
1484 3356 1520 3416 de
1535 3357 1616 3417 stud.

374 3455 426 3517 lib.
453 3453 534 3518 XIV
558 3450 604 3537 8).
636 3453 678 3515 1111
700 3454 982 3534 ueroimperatures
1004 3457 1042 3518 ad
1075 3456 1236 3518 utilitatem
1271 3456 1358 3518 modo
1386 3455 1480 3519 Vrbis
1511 3457 1617 3518 Romae

369 3555 534 3635 respexisse
549 3555 694 3616 uidentur.
726 3552 900 3616 Antoninus
922 3563 1021 3617 autem
1037 3555 1108 3617 Pius
1124 3556 1188 3617 haec
1201 3556 1341 3618 instituta
1359 3575 1458 3618 eorum
1472 3557 1562 3619 ctiam
1578 3557 1616 3618 ad

370 3656 538 3737 prouincias
570 3663 601 3717 et
634 3674 739 3717 omnes
771 3674 872 3717 earnm
898 3657 986 3717 nrbes
1014 3655 1172 3718 transtulit
1197 3654 1311 3740 (Capit.
1338 3656 1413 3719 Ant.
1442 3658 1614 3719 Ρ.1191.

371 3759 437 3838 Dig.
459 3756 517 3818 iam
540 3756 559 3817 l.
581 3750 632 3830 27,
656 3758 683 3831 1,
705 3755 725 3820 6
746 3757 761 3838 d
783 3755 832 3839 2),
853 3758 904 3818 sed
927 3756 971 3818 119
994 3765 1027 3820 91
1048 3757 1218 3819 decuriones
1239 3758 1392 3838 pecuniam
1415 3758 1615 3820 decernerent.

369 3857 533 3943 (leianns
556 3856 575 3918 l.
597 3857 737 3936 singulari
759 3858 795 3919 do
816 3858 911 3920 9111919
934 3857 1087 3921 Curatoris
1114 3859 1292 3939 reipublice.
1323 3858 1358 3920 L.
1380 3857 1402 3920 4
1422 3859 1437 3940 i
1458 3861 1486 3920 2.
1519 3860 1556 3922 D.
1574 3859 1615 3942 de

369 3961 470 4022 decret
490 3958 541 4032 50,
562 3956 592 4020 9.
614 3960 666 4020 911.
688 3957 723 4021 O.
745 3960 774 4020 2.
797 3958 825 4021 6.
848 3954 877 4022 7.
898 3957 929 4020 8.
952 3958 1025 4022 ch.
1047 3961 1121 4022 1991.
1144 3961 1180 4022 de
1202 3961 1325 4040 profess.
1346 3959 1380 4022 X
1400 3961 1449 4022 52.
1477 3960 1511 4023 Ο.
1536 3962 1563 4021 1.
1585 3960 1614 4020 3.

320 4109 322 4114 .
369 4060 399 4123 5.
417 4062 463 4123 ll.
485 4059 559 4123 (lod.
574 4058 688 4122 Theod.
702 4059 783 4121 XIII
797 4059 825 4122 3.
868 4060 1031 4123 Eumenius
1052 4079 1105 4141 pro
1127 4061 1342 4124 restauratione
1359 4060 1450 4124 schol.
1468 4057 1615 4144 11-14).

369 4163 446 4245 quod
468 4169 502 4224 ut
529 4179 567 4223 ex
592 4160 665 4223 locis
690 4159 819 4222 laudatis
839 4171 962 4242 apparet
985 4160 1095 4224 mansit
1115 4181 1207 4244 usque
1229 4162 1267 4224 ad
1288 4162 1393 4225 ultima
1414 4161 1528 4244 imperii
1549 4163 1615 4224 Ro-

369 4263 451 4327 mani
471 4270 616 4343 tempora.
658 4261 701 4323 Μ.
723 4267 824 4323 191999
846 4260 1019 4324 Antoninus
1039 4261 1170 4325 Athenis
1199 4283 1321 4326 munera
1346 4264 1544 4345 professorum
1565 4263 1615 4325 in·

369 4363 469 4427 stituit
499 4363 548 4445 qui
579 4381 680 4425 annua
710 4361 786 4424 dena
807 4361 898 4423 millia
919 4363 1126 4426 drachmarum
1155 4364 1322 4445 acciperent
1342 4361 1561 4448 (Philostratus
1582 4363 1615 4426 Π

371 4468 390 4527 2
412 4460 447 4527 oi
468 4461 502 4527 ἑκ
522 4462 678 4546 βασιλέως
698 4460 825 4549 μύριαι,
859 4461 910 4524 nbi
931 4464 1049 4547 Kayser
1070 4464 1100 4526 in
1123 4465 1334 4527 commentario
1356 4465 1457 4526 omnia
1484 4465 1615 4528 absurda

369 4566 581 4651 concinnauit).
625 4567 765 4629 maiorem
796 4565 886 4628 etiam
917 4565 954 4626 de
985 4565 1033 4627 his
1064 4564 1151 4628 rebus
1183 4585 1283 4628 curam
1315 4564 1452 4628 adhibuit
1483 4564 1613 4628 Seuerus

370 4667 542 4733 Alexander
562 4667 598 4730 de
618 4687 677 4750 qua
696 4665 887 4749 Lampridius
908 4663 950 4754 (9.
972 4662 1029 4751 44)
1053 4667 1097 4731 919
1118 4675 1236 4730 narrat:
1266 4663 1432 4730 1591911599
1454 4687 1613 4752 psammu-
