3602 5552
322 503 361 560 86
799 509 890 566 tultos
911 511 1082 568 tumul.

320 675 361 738 A.
383 671 442 765 (cfr
462 676 563 758 Spart.
584 678 680 742 Hadr.
702 699 727 742 c.
749 679 799 742 20.
831 679 900 742 Ael.
916 681 987 744 Ver.
1002 701 1028 744 c.
1042 681 1072 744 3.
1093 675 1289 760 capitoleo.
1303 676 1425 742 Alb.11
1442 678 1564 760 Lampr.

321 775 391 840 Seu.
413 778 504 842 Alex.
526 799 551 840 o.
572 777 618 862 b).
660 780 784 842 inseruit
804 781 955 843 orationes
980 782 1144 863 principum
1178 775 1292 863 (Capit
1314 778 1356 840 bl.
1377 779 1454 843 Ant.
1476 799 1501 841 c.
1523 778 1564 842 25

320 877 435 940 Portiu.
450 899 477 942 o.
490 876 527 962 2)
549 880 690 960 epistolas
712 878 799 965 (ibid.
810 879 847 964 5)
867 890 990 944 moetus
1012 881 1242 946 acclamationes
1255 876 1393 963 (Lampr.
1408 879 1563 943 Commod.

320 997 346 1040 c.
370 975 424 1061 18)
446 999 511 1060 quae
533 989 633 1042 temen
656 981 755 1044 omnia
777 1001 836 1044 uon
858 1001 926 1044 raro
947 982 1025 1046 falsa
1045 990 1132 1046 erant
1152 979 1212 1066 (cir
1233 980 1360 1042 Dlrlraen
1383 981 1402 1044 l.
1419 981 1436 1044 l.
1452 1000 1481 1061 p.
1499 974 1562 1064 1¹7).

320 1097 357 1140 ex
378 1081 477 1143 uerbis
498 1079 653 1162 Spartiaui
675 1101 739 1163 quse
759 1090 831 1144 suut
851 1083 881 1144 iu
903 1082 967 1146 uita
987 1083 1074 1148 Getae
1095 1104 1119 1146 c.
1142 1084 1162 1146 2
1183 1080 1216 1142 o'o
1236 1079 1301 1142 cim
1321 1079 1428 1144 Seueri
1440 1078 1565 1144 Mortuo

320 1175 481 1242 Mocimue
496 1181 600 1264 primo
621 1183 788 1265 septenario
809 1183 882 1244 acts
903 1185 1018 1268 copioso
1038 1181 1166 1256 emoto,
1194 1188 1273 1244 recte
1295 1181 1422 1244 fortasse
1442 1180 1564 1244 conclu-

320 1279 402 1342 ditur
421 1300 497 1361 opus
519 1283 582 1344 eius
603 1282 634 1345 iu
656 1293 756 1364 partes
778 1292 918 1364 septenos
939 1286 1031 1348 libros
1052 1285 1101 1348 nel
1122 1283 1222 1364 capitu
1235 1282 1421 1346 continentes
1436 1282 1562 1346 diuisum

321 1381 418 1445 luisse.
461 1391 579 1446 tantum
601 1382 707 1446 deinde
728 1385 891 1448 auctoritas
913 1385 976 1448 eius
997 1387 1076 1467 apud
1099 1393 1233 1466 posteros
1254 1383 1365 1459 ualuit,
1380 1383 1563 1447 utAmmis-

321 1501 377 1544 uus
397 1483 588 1546 Marcellinus
608 1483 677 1546 Lib.
699 1484 847 1547 XXVIII
870 1505 894 1546 c.
915 1488 937 1548 4
957 1485 972 1567 ξ
996 1487 1035 1550 14
1066 1486 1228 1550 contendat
1259 1504 1312 1546 suo
1337 1483 1428 1548 stiam
1454 1483 1564 1546 seaculo

321 1583 429 1646 multos
461 1585 549 1647 luisse
574 1585 623 1665 qni
648 1585 679 1646 iu
702 1604 817 1648 summo
838 1594 971 1648 ueterum
994 1588 1124 1650 omnium
1146 1586 1322 1666 scriptorum
1345 1584 1465 1648 fastidio
1487 1584 1564 1646 bunc

319 1685 415 1746 solum
437 1703 475 1746 ex
497 1685 645 1747 historicis
667 1686 851 1749 mirarentur.

850 2080 940 2183 Gap.
960 2081 1030 2162 III.

403 2291 469 2374 51.
512 2298 693 2374 quoesusrom
722 2291 813 2374 pessit
843 2294 918 2372 Imp.
943 2291 1019 2354 uss.
1045 2292 1146 2355 Nerua
1172 2291 1302 2354 Traiano
1323 2289 1402 2370 Aug.
1424 2289 1472 2352 1v
1493 2290 1563 2354 sia

322 2392 487 2456 Articuleio
508 2392 592 2454 Paeto
614 2409 695 2453 cons.
717 2412 745 2473 p.
767 2392 822 2455 Oli.
847 2394 904 2455 101
928 2391 1079 2476 (clinton,
1100 2393 1214 2464 Baiter,
1237 2391 1350 2454 Dckhel
1372 2391 1390 2452 l.
1413 2390 1459 2474 1.).

403 2495 439 2556 de
471 2501 620 2575 quaestors
647 2512 717 2555 uero
744 2493 838 2574 quulis
861 2501 976 2556 matuta
997 2493 1164 2573 reipublicae
1187 2496 1282 2556 forma
1304 2493 1505 2573 inscitusque
1526 2494 1564 2556 ad

321 2594 538 2658 Diocletianum
561 2603 591 2656 et
612 2592 843 2656 Constantinum
865 2594 881 2655 I
903 2593 1030 2656 maxime
1051 2593 1182 2658 interce
1203 2593 1384 2657 dissentiunt
1401 2593 1566 2656 doctissimi

321 2695 386 2758 uiri.
430 2696 651 2775 distinguuntur
671 2695 748 2756 enirn
771 2695 861 2757 uariis
884 2694 1051 2756 nominibus
1071 2705 1231 2775 quaestores
1254 2703 1285 2755 et
1304 2695 1384 2774 apud
1405 2694 1565 2775 scriptores

322 2806 353 2860 et
374 2796 519 2878 precipue
540 2795 569 2856 in
592 2795 702 2870 titulis,
724 2805 757 2857 ut
778 2796 966 2876 appellentur
987 2795 1055 2869 alii,
1077 2796 1156 2858 nullo
1179 2796 1270 2858 uerbo
1292 2795 1425 2870 adiecto,
1446 2803 1563 2858 tautum

321 2906 480 2981 promotores
501 2896 552 2960 alii
573 2893 683 2958 urbani
703 2897 752 2958 uel
773 2895 873 2971 urbm,
900 2877 951 2960 alii
972 2893 1115 2970 consulis,
1143 2897 1195 2960 ulii
1215 2904 1373 2980 quoemom
1394 2895 1566 2968 candidati,

321 2998 385 3060 sine
406 2999 442 3060 lit
462 2997 574 3060 mantio
596 2996 751 3079 principis,
772 2998 855 3059 cuius
875 3007 948 3060 sunt
968 2998 1136 3074 candidati,
1159 2999 1209 3079 qui
1229 3006 1283 3060 aut
1303 3015 1357 3058 suo
1379 2997 1496 3060 nomine
1517 2997 1565 3060 in-

321 3097 523 3177 signiturant
544 3097 697 3160 uocabulis
718 3107 837 3161 tautum
859 3099 934 3180 Imp.
957 3099 1001 3160 uel
1023 3098 1102 3178 Aug.
1124 3099 1363 3172 demonstratur,
1390 3096 1453 3160 siue
1480 3097 1566 3160 buius

323 3198 443 3260 omnino
465 3197 613 3258 omittitur
634 3196 824 3277 significatio,
852 3200 902 3262 alii
923 3199 1048 3281 denique
1070 3209 1229 3283 quoscum
1246 3198 1415 3281 procincto
1436 3198 1482 3261 uel
1502 3198 1566 3278 ple·

323 3298 405 3359 niore
426 3297 625 3377 appellatione
646 3318 694 3381 qu.
715 3319 764 3382 pr.
781 3320 834 3383 pr.
856 3301 928 3382 (pro
945 3305 1088 3384 pctore)
1106 3300 1275 3385 prouiooioe
1296 3298 1460 3362 cuiusdam.
1498 3317 1567 3362 oum

323 3397 365 3460 illi
398 3397 492 3470 tituli,
524 3397 553 3459 in
586 3397 692 3477 quibus
718 3399 908 3462 inueniuntur
933 3408 1093 3483 qooestores
1118 3398 1156 3462 ab
1178 3399 1288 3463 orario
1309 3400 1401 3480 spurii
1423 3406 1494 3462 sunt
1515 3417 1570 3462 ex-

323 3498 416 3580 ceptis
437 3499 486 3579 qui
508 3499 546 3560 ad
568 3516 618 3559 eos
640 3499 740 3562 referri
761 3509 885 3580 possunt
906 3501 1012 3580 quibus
1033 3509 1110 3562 testa
1132 3501 1278 3564 Suetonio
1300 3518 1319 3560 a
1341 3498 1494 3583 Claudio(
1512 3493 1568 3583 ,7)

324 3619 396 3662 curu
427 3599 523 3661 aerarii
550 3599 695 3679 praetoriis
716 3599 860 3680 adempta
880 3601 1030 3662 translata
1051 3609 1097 3663 est
1119 3599 1179 3686 (cir
1201 3601 1322 3662 Henzen
1345 3597 1441 3676 6456,
1463 3599 1513 3664 ubi
1534 3600 1570 3661 Τ.

323 3700 472 3764 Domitius
503 3699 659 3774 Decidius,
691 3708 777 3780 pater
807 3698 938 3762 Deoi'diae
969 3699 1166 3776 Domitiaoae,
1198 3701 1299 3762 uxoris
1330 3699 1398 3762 Iulii
1424 3699 1570 3781 Agricolae

323 3801 412 3886 (Tuo.
434 3800 536 3882 Agric.
557 3820 583 3862 o.
604 3796 642 3884 6)
673 3801 805 3862 adlectus
838 3801 929 3862 fuisse
957 3799 1065 3863 dicitur
1086 3800 1134 3882 qui
1156 3801 1268 3883 primus
1289 3809 1419 3880 quaestor
1439 3820 1493 3881 per
1513 3800 1570 3862 tri·

323 3903 442 3966 ennium
474 3910 616 3982 preesset
646 3899 750 3964 aerario
773 3900 896 3964 Saturni
903 3920 913 3976 ;
944 3902 1021 3984 quod
1043 3901 1148 3964 iterum
1172 3909 1320 3973 mutatum
1343 3910 1389 3963 est
1409 3923 1428 3964 o
1450 3901 1570 3964 Nerone

324 4000 386 4088 (cfr
406 4003 484 4064 inira
506 4001 521 4083 ς
542 4000 588 4084 8).
630 4002 682 4064 sed
704 4001 846 4084 qusoritur
867 4003 946 4065 inter
967 4012 1082 4066 ceteros
1102 4003 1173 4084 quid
1194 4002 1373 4065 interfuerit.

405 4103 466 4166 iam
498 4121 567 4164 uero
599 4120 688 4183 quum
721 4103 796 4165 nihil
820 4103 967 4168 adiectum
990 4114 1052 4179 est,
1084 4103 1157 4166 nihil
1180 4103 1277 4183 magis
1299 4103 1485 4184 perspicuum
1506 4121 1571 4164 ease

323 4213 422 4286 potest
443 4222 531 4286 quam
553 4203 654 4266 omniu
674 4223 710 4266 ea
731 4213 907 4284 quaestorum
928 4225 1053 4286 genero,
1084 4224 1149 4285 quae
1181 4204 1298 4284 singula
1328 4203 1452 4284 singulis
1474 4204 1570 4267 uomi-

325 4306 412 4368 uibus
445 4304 512 4367 aliis
544 4302 616 4366 locis
647 4304 868 4385 distinguuntur
899 4305 962 4368 siue
993 4305 1108 4367 incuria
1139 4305 1202 4368 siue
1233 4305 1304 4385 qnia
1332 4303 1451 4385 longum
1473 4305 1570 4367 fuerat

325 4407 424 4468 omnia
454 4406 540 4488 plene
571 4406 765 4485 perscribere,
796 4426 815 4468 u
842 4404 1035 4487 scriptoribus
1062 4414 1093 4468 et
1114 4405 1256 4468 librorum
1277 4413 1308 4468 et
1328 4405 1482 4468 titulorum
1504 4403 1569 4468 solo

325 4507 480 4587 questoris
501 4506 620 4568 nomine
640 4505 858 4586 comprehendi.

407 4615 453 4668 est
474 4607 563 4688 igitur
583 4606 620 4669 de
640 4607 764 4670 diuersis
784 4607 844 4670 illis
865 4615 1044 4688 quaestorum
1064 4605 1219 4684 generibus
1240 4624 1306 4687 quae
1326 4625 1418 4686 supro
1438 4623 1569 4668 commo-

325 4705 457 4772 rsuimua
478 4706 700 4788 disputandum.
740 4716 831 4791 atque
852 4707 890 4770 (le
911 4705 1105 4789 qnoestorlbus
1125 4705 1248 4770 urbanis
1268 4705 1315 4768 nel
1329 4705 1412 4768 urbis
1422 4703 1569 4792 (Momm-
