3602 5552
669 487 806 557 Spartiani
829 487 887 542 rita
907 486 1049 542 Hadriani.
1444 485 1484 542 dd

236 657 314 720 inira
329 658 491 738 loquemur.
513 657 618 720 deindo
633 657 855 739 ’magistratns·‚
876 657 988 739 inquit,
1011 658 1068 721 'bic
1088 658 1173 740 capio
1187 677 1246 720 non
1261 657 1393 720 urbicos:
1415 657 1484 738 quid

236 759 312 820 euim
335 759 392 820 illis
413 777 479 820 cum
502 778 604 832 cursu,
627 761 680 821 sed
702 761 750 841 qui
774 760 852 822 irent
872 760 901 822 in
918 760 1086 839 prouincias
1100 769 1154 822 aut
1168 779 1220 839 per
1234 759 1401 840 prouincias
1414 777 1484 820 suas

235 859 292 920 iter
306 860 445 922 facerent.
457 895 496 906 -·
509 895 548 904 -
559 869 666 940 postea
680 879 750 922 uero
765 879 852 942 quarn
868 869 987 922 mutata
1001 870 1047 923 est
1060 879 1113 941 per
1126 859 1293 940 Angustum
1307 860 1384 922 ratio
1399 868 1484 922 uetus

235 969 265 1022 et
285 960 388 1040 cuique
410 979 511 1022 eorum
533 961 634 1041 quiin
657 961 827 1041 prouincias
849 961 1070 1023 destinarentur
1092 972 1204 1024 certum
1228 959 1297 1043 quid
1321 997 1358 1006 —
1375 997 1412 1006 -
1429 960 1485 1021 fuit

235 1061 412 1122 attributum
444 1081 497 1141 pro
525 1061 664 1142 cuiusque
691 1062 852 1141 dignitate:
884 1072 957 1124 tnnc
978 1081 1100 1142 coepere
1123 1071 1250 1124 uectnrae
1272 1069 1409 1141 sumptus
1430 1079 1484 1122 ex-

235 1162 325 1240 periri
347 1181 433 1242 quam
456 1170 558 1224 essent
579 1163 693 1242 magni;
715 1163 762 1224 his
782 1163 872 1242 ig'tnr
886 1163 1060 1224 Hadrianus
1076 1164 1137 1243 lege
1151 1164 1212 1224 ista
1226 1163 1282 1224 init
1296 1161 1484 1224 consultum!

235 1261 303 1325 hnic
325 1282 394 1324 uero
417 1270 496 1326 recte
518 1262 620 1325 obiicit
641 1263 807 1326 Salmasius
830 1264 922 1325 uerba
943 1284 1067 1326 cursum
1080 1261 1219 1350 fiscalem
1232 1262 1378 1336 institnit,
1400 1263 1425 1323 si
1439 1263 1485 1324 ita

236 1363 436 1443 accipiantur,
469 1370 573 1426 contra
604 1364 724 1426 solitum
756 1364 893 1445 loquendi
920 1364 1038 1426 modum
1071 1365 1171 1444 posita
1191 1382 1254 1426 asse
1275 1373 1306 1425 et
1327 1363 1485 1443 magistra-

235 1470 319 1526 tuum
351 1465 466 1526 illorum
499 1464 618 1525 minime
656 1465 825 1527 interfuisse
856 1475 955 1526 utrum
987 1465 1025 1526 ad
1057 1465 1158 1527 fiscum
1190 1463 1351 1544 pertineret
1382 1484 1485 1526 cursus

234 1565 368 1643 publicus
389 1565 488 1628 au·ad
509 1565 651 1645 priuatos.
694 1567 766 1628 ’siue
787 1565 885 1639 enim',
906 1564 1003 1645 inquit
1023 1565 1142 1645 'priuati
1164 1565 1227 1626 siue
1248 1565 1336 1626 fiscus
1368 1585 1485 1627 cursum

235 1665 385 1744 publicum
407 1667 586 1746 praestabat,
618 1665 763 1728 immunes
785 1666 885 1746 utique
906 1666 945 1727 ab
966 1666 1016 1728 illo
1038 1685 1159 1729 munere
1181 1666 1380 1745 magistratus.
1413 1685 1486 1728 sane

237 1785 294 1827 non
316 1775 416 1846 potest
437 1766 524 1828 aliter
545 1767 592 1829 hic
614 1767 694 1830 locus
722 1767 845 1846 exponi,
868 1787 954 1847 qnam
983 1765 1149 1829 Adriannm
1172 1766 1297 1846 primum
1320 1767 1486 1828 instituisse

236 1866 384 1946 publicum
407 1887 538 1942 cursum,
560 1887 648 1949 quum
670 1877 739 1930 ante
761 1869 857 1948 ipsum
880 1887 937 1930 non
960 1877 1055 1943 essat;
1081 1868 1169 1948 idque
1190 1868 1220 1930 in
1243 1867 1368 1947 gratiam
1390 1869 1487 1947 magi-

236 1974 396 2042 stratuum,
428 1989 464 2030 ne
496 1968 527 2030 in
555 1967 722 2049 prouincias
754 1975 857 2031 euntes
878 1967 1019 2049 impensis
1049 1969 1111 2031 suis
1139 1968 1197 2032 iter
1217 1969 1366 2031 facerent!
1409 1968 1486 2049 quod

236 2068 342 2132 deinde
373 2069 473 2134 multis
496 2070 567 2132 locis
589 2071 689 2132 allatis
711 2078 742 2132 et
763 2069 840 2132 inter
859 2090 891 2132 se
914 2070 1094 2150 comparatis
1115 2070 1242 2151 probare
1263 2076 1396 2132 conatur.

319 2175 409 2252 atque
430 2189 519 2253 quum
542 2171 615 2234 nibil
635 2190 689 2252 pro
710 2179 791 2234 certo
811 2171 842 2232 in
866 2169 921 2233 hac
943 2189 975 2232 re
990 2172 1139 2234 affirmare
1153 2172 1330 2245 audeamus,
1352 2181 1487 2233 nostram

237 2279 336 2334 tamen
369 2272 548 2335 sententiam
581 2274 776 2353 proferemus,
808 2271 878 2354 qnia
910 2272 948 2334 od
976 2272 1037 2334 ueri
1065 2270 1159 2334 simile
1191 2273 1330 2334 accedere
1361 2271 1487 2336 uidetur.

237 2383 361 2454 apparet
387 2373 477 2455 igitur
501 2393 540 2436 ex
571 2375 635 2437 loco
668 2372 801 2437 Suetonii
834 2393 917 2453 quem
941 2373 1128 2436 laudauimns
1160 2372 1330 2454 Augustum
1352 2373 1488 2454 specula-

238 2481 333 2548 tores,
356 2495 424 2536 nam
445 2475 490 2538 ita
511 2494 562 2537 eos
584 2475 745 2539 Suetonius
766 2474 833 2537 aliis
856 2474 927 2536 locis
950 2473 1044 2557 (Aug.
1066 2468 1116 2536 74.
1145 2475 1240 2555 Galig.
1254 2474 1304 2536 44.
1326 2473 1431 2537 Claud.
1446 2474 1487 2536 35

237 2576 283 2636 cfr
304 2575 374 2638 Tac.
396 2576 437 2638 H.
459 2576 500 2649 ΙΙ,
524 2570 632 2649 11,73
655 2578 700 2638 cir
720 2576 897 2656 Marquardt
918 2575 967 2637 111
991 2575 1004 2636 l
1023 2593 1052 2654 p.
1067 2575 1130 2636 304
1144 2577 1214 2637 adu.
1236 2568 1333 2658 2075)
1355 2575 1487 2655 appellat

238 2683 268 2738 et
290 2676 459 2738 mansiones
480 2677 661 2752 instituisse,
693 2685 727 2738 ut
748 2677 829 2739 ocius
851 2695 917 2758 qnae
938 2675 969 2738 iu
991 2675 1152 2756 prouinciis
1173 2683 1356 2756 gererentur,
1384 2675 1489 2736 Romm

239 2776 356 2855 cognita
387 2776 508 2851 fierent3
539 2778 578 2840 ad
609 2797 731 2859 eamque
755 2797 817 2839 ram
845 2776 953 2838 milites
981 2775 1151 2837 adhibuisse
1178 2785 1209 2836 et
1229 2793 1331 2836 seruos
1354 2774 1487 2854 publicos

232 2872 308 2957 ’(οῆ.
320 2876 399 2938 Plut.
414 2877 513 2939 Galba
533 2878 568 2951 8,
588 2877 639 2959 qui
661 2897 711 2939 eos
733 2885 821 2940 uocat
841 2873 1164 2961 rpoeppoempo'pom),
1185 2893 1274 2956 qunre
1297 2874 1388 2937 etiam
1411 2875 1487 2938 Sue-

239 2975 338 3038 tonius
359 2977 420 3038 eius
441 2976 485 3038 rei
506 2997 567 3039 una
587 2997 654 3040 curn
677 2977 743 3040 aliis
765 2997 830 3058 quae
852 2980 889 3039 ad
912 2997 974 3040 rem
997 2977 1153 3039 militarem
1187 2976 1337 3055 pertinent
1362 2975 1489 3038 mantio-

240 3096 306 3139 uem
328 3077 409 3140 iacit.
452 3096 546 3159 neque
567 3078 629 3140 fieri
650 3078 748 3159 potuit
769 3078 839 3157 quin
861 3077 1003 3140 uehiculis
1031 3077 1137 3158 quibus
1170 3077 1200 3139 hi
1232 3077 1432 3156 speculatores
1459 3085 1490 3140 et

240 3177 335 3241 nuntii
356 3179 544 3242 nebebautur
563 3197 642 3258 saepe
663 3178 753 3241 etiam
773 3186 928 3242 uterentur
952 3179 1267 3259 legatiimperatornm
1284 3178 1378 3240 etalii
1394 3179 1489 3258 magi-

239 3288 352 3342 stratus
365 3280 403 3342 ad
426 3279 558 3360 negotia,
579 3280 687 3361 quibus
707 3279 927 3353 incumberent,
949 3279 1071 3342 celerius
1088 3279 1276 3360 perficienda.
1320 3298 1410 3360 quare
1432 3279 1489 3341 mi-

242 3381 319 3443 nime
333 3381 412 3443 credi
427 3388 527 3460 potest
548 3381 725 3454 Traianum,
746 3380 792 3442 cui
814 3380 917 3443 Aurei.
940 3380 1021 3444 Vict.
1044 3380 1118 3444 Ores.
1133 3381 1216 3444 XIII
1234 3379 1309 3442 idem
1332 3381 1362 3441 in
1386 3379 1442 3442 hac
1457 3400 1488 3443 re

240 3481 346 3543 tribuit
355 3490 444 3562 atque
456 3482 505 3544 alii
516 3480 653 3562 Augusto
665 3501 757 3562 neque
769 3490 802 3543 ut
813 3482 878 3544 uult
889 3480 1053 3545 Salmasius
1065 3483 1252 3544 Hadrianum
1264 3481 1392 3561 primum
1402 3481 1491 3542 insti-

241 3582 332 3644 tuisse
354 3601 471 3645 cursum
493 3582 652 3663 publicum.
676 3592 706 3645 et
720 3583 768 3645 hic
782 3601 816 3645 eo
825 3584 924 3664 ‘magis
939 3584 1030 3647 falsus
1045 3591 1104 3657 est,
1126 3583 1278 3664 quodiam
1292 3581 1371 3642 inter
1385 3599 1489 3642 numos

242 3683 318 3763 Imp.
340 3683 448 3746 Nernae
468 3704 545 3746 nnus
566 3683 685 3759 existit,
717 3684 799 3746 ouius
826 3703 896 3765 pars
917 3683 1019 3747 antica
1040 3684 1098 3745 dno
1120 3684 1215 3746 mulos
1236 3690 1393 3762 pascentes
1415 3699 1491 3761 pone

243 3783 408 3846 uehiculum
430 3785 552 3848 exhibet
573 3785 619 3847 his
641 3785 739 3848 uerbis
752 3784 919 3864 inscriptis:
940 3782 1293 3848 VEHIOVLATIONE
1314 3781 1491 3845 ITALIAE

243 3883 432 3948 REMISSA
454 3885 579 3964 (Eckhel
601 3886 619 3948 l.
632 3885 651 3948 l.
673 3904 702 3965 p.
724 3885 794 3947 408.
819 3885 976 3948 Akerman
999 3885 1047 3946 l.l.
1070 3904 1098 3963 p.
1122 3883 1209 3968 212).
1242 3883 1489 3946 uehiculationem

243 3993 360 4058 autem,
391 4004 568 4067 quamquam
601 4005 637 4048 ea
662 4004 723 4047 uox
746 4004 891 4066 nusquam
919 3986 976 4047 nisi
1003 3984 1033 4046 in
1056 3984 1113 4047 hoc
1134 4004 1223 4048 numo
1244 3984 1393 4046 inuenitur
1412 3982 1490 4044 idem

244 4105 309 4148 esse
329 4094 419 4167 atque
439 4085 470 4147 id
491 4087 568 4166 quod
590 4094 637 4148 est
658 4104 759 4148 cursus
780 4085 916 4164 publicus
938 4085 984 4148 nel
1006 4085 1202 4148 uehicularius
1224 4084 1270 4147 uel
1285 4103 1391 4146 munus
1406 4083 1490 4145 nebi-

244 4187 387 4250 cnlarium
409 4186 528 4248 minime
549 4186 659 4267 ambigi
678 4192 789 4267 potest.
831 4204 896 4267 quae
917 4205 1005 4267 quum
1028 4185 1072 4248 ita
1093 4187 1169 4260 sint,
1191 4204 1310 4248 necesse
1323 4193 1379 4259 est,
1393 4184 1419 4246 si
1434 4183 1490 4248 hoc

245 4287 339 4350 locum
362 4286 552 4368 Spartianum
575 4305 643 4351 uere
665 4287 775 4350 dixisse
796 4294 952 4368 putamus,
974 4286 1085 4369 aliquid
1106 4288 1146 4350 sb
1167 4285 1322 4348 Hadriano
1344 4291 1489 4348 mutatum

246 4407 319 4452 esse.

328 4497 417 4571 atque
439 4508 476 4552 ex
495 4489 710 4552 sententiarum
731 4490 811 4570 apud
833 4488 1008 4553 Suetonium
1031 4487 1215 4552 counexione
1228 4486 1415 4569 perspicuum
1431 4497 1492 4563 est,

246 4609 364 4656 cursum
396 4592 475 4653 bunc
505 4590 655 4672 publicum
683 4592 721 4654 ad
743 4609 805 4653 rem
827 4589 984 4654 militarem
1006 4589 1183 4671 pertinuisse
1204 4606 1295 4672 eoque
1316 4589 1347 4652 iu
1369 4588 1491 4671 prouin-
