3602 5552
342 553 381 608 74
823 553 913 610 Julius
935 554 1107 610 contemsit

338 725 434 790 biculi
468 725 552 811 erat)
584 725 684 810 quood
715 723 827 788 cinei
858 724 934 802 fore.
977 725 1033 789 sed
1066 725 1125 789 hoo
1157 724 1225 788 loco
1250 725 1354 788 inesse
1376 723 1409 788 iu
1431 723 1526 788 uerbo
1548 721 1582 784 id

340 845 460 909 quoque
483 827 620 900 uidetur,
641 835 677 889 ιιι
697 826 866 900 Traianus,
888 826 974 890 cuins
997 845 1100 888 comes
1121 825 1302 890 Hadrianus
1324 845 1388 888 rem
1412 823 1579 888 militarem

338 927 467 1003 didicit,
503 927 532 990 ei
566 927 662 991 fuerit
694 936 803 992 auctor
832 926 1007 1010 disciplinae
1038 929 1181 990 tenendae
1214 936 1247 990 et
1279 945 1386 990 seuere
1408 925 1442 988 in
1464 925 1581 988 milites

338 1029 530 1094 consulendi.

420 1131 494 1212 quid
516 1149 591 1194 nero
613 1129 796 1194 Hadrianus
818 1129 851 1192 in
875 1149 908 1192 re
930 1129 1061 1193 militari
1085 1129 1196 1192 lecerit
1216 1127 1268 1192 hic
1289 1130 1504 1192 demonstrare
1518 1148 1579 1192 non

337 1250 504 1312 possumus
537 1239 569 1294 et
600 1231 789 1295 remittimus
822 1250 876 1294 eos
909 1230 963 1314 qui
995 1231 1056 1294 hoc
1078 1231 1188 1294 melius
1210 1249 1396 1311 cognoscere
1419 1230 1517 1294 uelint
1539 1230 1580 1292 ad

336 1329 443 1416 Lnnqe
476 1333 559 1398 Hist
587 1331 750 1397 mutation.
773 1332 818 1396 rei
842 1331 989 1394 militaris
1010 1331 1223 1396 Romanorum
1246 1352 1276 1415 p.
1296 1330 1339 1395 80
1360 1352 1429 1415 sqq.
1452 1339 1484 1395 et
1504 1349 1579 1394 auo-

338 1442 422 1496 tores
455 1454 532 1517 quos
553 1434 607 1498 ille
633 1433 786 1510 nominat,
808 1433 849 1496 ad
871 1432 1092 1513 inscriptiones
1114 1441 1172 1497 cet.
1215 1432 1418 1516 (Marquardt
1438 1433 1486 1496 ΙΙΙ
1506 1433 1527 1494 2
1547 1451 1578 1513 p.

336 1533 398 1598 454
429 1554 499 1617 sqq.
525 1535 652 1600 breuius
685 1555 749 1598 rem
782 1532 1045 1620 comprehendit).
1078 1570 1117 1580 —
1149 1535 1214 1620 ipm
1230 1543 1301 1619 poet
1321 1531 1470 1598 Caesarem
1491 1530 1579 1596 Octo-

335 1635 460 1698 ιιίαηιιηι
492 1633 641 1700 labantem
671 1631 865 1719 disciplinam
890 1633 1009 1697 incuria
1030 1637 1220 1720 superiorum
1236 1635 1413 1720 poiumpum
1433 1633 1577 1719 (Traiani

337 1735 454 1800 oblitus
477 1746 526 1800 est
546 1733 698 1822 scriptor)
719 1735 841 1800 redemi
862 1735 1011 1798 ordinatis
1031 1745 1059 1800 et
1078 1735 1186 1824 officiis
1206 1736 1244 1820 (i.
1267 1757 1293 1800 e.
1316 1737 1494 1801 muneribus
1516 1735 1578 1798 mi·

335 1836 497 1923 litaribus)
517 1835 734 1922 compendiis.
770 1837 853 1919 quod
876 1837 981 1900 multis
1003 1837 1156 1921 exemplis
1178 1837 1287 1903 allatis
1309 1839 1492 1901 confirmare
1513 1836 1577 1902 Oa·

335 1939 494 2002 auubouus
517 1947 550 2004 et
571 1938 749 2003 Salmasius
770 1938 874 2001 conati
896 1947 980 2001 suut.

421 2039 436 2121 i
463 2039 493 2103 4.
539 2039 644 2102 uicem
675 2036 761 2101 milio
789 2037 920 2123 pedibus
951 2049 1090 2101 armatas
1120 2037 1295 2103 ambularet
1339 2045 1376 2101 nt
1407 2037 1575 2121 plurimum

335 2139 454 2203 itinera
486 2140 622 2203 militum
655 2140 702 2202 ita
733 2159 767 2202 ue
800 2140 974 2214 habebant,
1006 2140 1100 2204 horas
1123 2141 1258 2224 quinque
1281 2140 1478 2204 ambularent
1499 2157 1576 2221 quo·

334 2239 428 2304 tidie:
461 2261 499 2304 eo
527 2241 630 2331 spatio
653 2241 858 2304 conficiebant
879 2242 970 2304 modo
993 2242 1105 2306 uicena
1127 2242 1218 2305 modo
1240 2242 1349 2306 uicena
1370 2249 1403 2304 et
1424 2248 1576 2322 quaterue

335 2341 434 2404 millia
455 2361 616 2424 passuum.
648 2342 702 2404 ille
724 2341 871 2405 militaris
893 2343 1019 2424 gradus,
1040 2344 1092 2406 hic
1113 2343 1221 2426 plenus
1244 2342 1406 2406 dicebatur
1420 2340 1573 2426 (Oasaub.

334 2442 375 2504 ad
407 2444 438 2506 lu.
471 2445 491 2506 l.
524 2443 579 2506 clr.
615 2445 729 2524 Veget.
760 2444 776 2505 Ι
802 2444 853 2506 lo.
874 2445 912 2506 L.
945 2445 964 2506 3
998 2444 1118 2526 leian
1151 2444 1171 2507 l.
1203 2447 1225 2508 2
1252 2445 1294 2506 ad
1316 2443 1450 2506 edictum
1473 2444 1512 2506 D.
1535 2443 1573 2504 de

334 2544 456 2607 uerbor.
489 2545 655 2626 siguificat.
687 2543 737 2618 50,
771 2542 824 2629 16)
856 2580 896 2590 -
927 2542 1059 2608 triclinio
1086 2545 1204 2608 habent
1225 2546 1356 2609 codices.
1399 2543 1573 2608 Salmasius

331 2664 389 2726 pro
420 2643 552 2709 triclinio
573 2645 723 2726 scriptum
756 2646 826 2708 uult
856 2643 1006 2721 sectilia,
1030 2665 1121 2728 quum
1148 2646 1213 2710 eius
1236 2645 1394 2710 sententia
1415 2644 1571 2708 Hadriani

332 2747 525 2829 temporibus
546 2767 619 2810 naus
641 2746 849 2810 tricliniorum
872 2766 999 2827 prorsus
1022 2746 1160 2811 abolitus
1183 2755 1267 2810 esset
1289 2748 1373 2810 etin
1396 2765 1502 2810 eorum
1523 2746 1572 2809 lo-

332 2868 400 2911 cum
433 2849 656 2912 successissent
686 2847 825 2910 stibadia
846 2848 982 2930 sigmate
1003 2849 1146 2912 accubita
1167 2857 1203 2913 ut
1225 2851 1390 2912 uocabant.
1433 2845 1572 2910 trichilia

332 2969 406 3012 uero
428 2951 479 3012 uel
500 2949 605 3031 potius
627 2947 753 3011 triclriloe
774 2955 849 3012 sunt
868 2948 1008 3030 porticus
1030 2950 1148 3013 uirides
1170 2958 1253 3014 tecto
1276 2957 1406 3013 arcuato
1428 2947 1571 3032 (franco-

332 3050 459 3130 gallice:
485 3049 643 3132 caecans)
671 3052 727 3114 clu.
760 3049 849 3131 (lopa
870 3072 898 3114 u.
920 3049 950 3114 8.
973 3050 1147 3116 Columella
1166 3053 1200 3115 X
1221 3050 1292 3114 394.
1314 3060 1371 3114 cet.
1415 3050 1470 3112 sed
1492 3049 1571 3112 nihil

332 3152 516 3214 mutandum
540 3160 597 3217 eat.
640 3151 832 3225 cumcuim,
861 3161 898 3215 ut
917 3152 1000 3215 idem
1023 3152 1198 3217 Salmasius
1221 3152 1376 3224 concedit,
1397 3149 1570 3232 sepissime

331 3250 414 3313 idem
447 3259 541 3332 atque
574 3251 774 3315 coenationes
795 3251 867 3338 (cfr.
890 3272 939 3316 ex.
962 3272 1005 3334 gr.
1029 3253 1160 3325 Quintil.
1181 3255 1232 3317 Xl
1253 3256 1282 3316 2.
1304 3251 1427 3316 Phaedr.
1449 3250 1568 3316 1v29.

331 3352 436 3415 Varro
464 3353 502 3414 de
528 3352 566 3414 L.
588 3353 652 3415 VII
676 3351 740 3437 14),
762 3373 839 3434 quas
862 3355 997 3417 maiores
1025 3363 1056 3419 et
1076 3355 1291 3437 uoluptatibus
1313 3355 1484 3435 completas
1507 3352 1566 3414 mi-

332 3451 405 3515 lites
437 3453 470 3516 in
501 3452 614 3514 castris
646 3461 812 3516 erexerant
833 3455 1006 3536 eademque
1032 3462 1107 3518 sunt
1127 3473 1194 3536 quae
1216 3455 1277 3518 Dio
1300 3456 1389 3518 Cass.
1411 3455 1449 3518 de
1471 3471 1568 3534 opera

331 3553 486 3617 Hadriani
512 3553 543 3615 in
572 3551 737 3635 disciplina
763 3553 895 3617 militari
927 3556 1104 3618 reuocanda
1136 3555 1241 3618 diceus
1274 3554 1403 3640 (LXIX
1424 3547 1461 3646 9)
1483 3553 1566 3638 olorq-

330 3673 394 3730 σεις
413 3663 514 3719 uocat

412 3757 427 3839 ξ
452 3757 480 3818 5.
529 3754 593 3834 sirie
621 3756 747 3839 pemmis
776 3753 869 3835 fibula
899 3755 1103 3839 stoinpcretuot
1137 3753 1253 3842 fibulae
1283 3756 1439 3839 sirisperct
1470 3755 1566 3818 editio

328 3859 474 3941 princeps
517 3875 681 3937 perperam
714 3856 819 3920 habet.
851 3866 954 3920 uestes
988 3856 1071 3918 euim
1105 3857 1209 3919 fibulis
1240 3857 1449 3938 stringuntur3
1482 3856 1566 3920 nullo

329 3968 431 4024 autem
465 3958 557 4021 modo
581 3957 658 4038 ipsae
679 3957 780 4022 libulae
801 3958 912 4038 stringi
933 3967 1073 4038 possunt.
1106 3955 1206 4044 fibula
1226 3957 1383 4042 striuqeret
1403 3956 1566 4020 Oasaubo-

330 4081 405 4123 uus
421 4057 595 4124 Salmasius
628 4054 782 4122 Gruterus
813 4066 1029 4134 correxerunt,
1061 4067 1096 4122 ut
1127 4058 1255 4122 bulcem
1287 4079 1337 4121 res
1373 4058 1494 4121 obiecta
1515 4057 1566 4120 sit.

329 4181 389 4245 quo
412 4160 522 4226 melius
544 4158 668 4241 quidem
690 4161 785 4222 fluens
808 4161 910 4223 oratio
932 4161 979 4236 fic,
1014 4162 1069 4224 sed
1092 4162 1198 4224 obstat
1219 4161 1404 4241 optimorum
1422 4158 1566 4222 codicum

329 4264 518 4338 auctoritas,
544 4261 577 4324 iu
599 4258 712 4343 quibus
733 4261 884 4343 scriptum
906 4269 955 4326 est
975 4261 1179 4346 sniuyeretur.
1216 4271 1247 4324 et
1267 4269 1374 4343 potest
1395 4260 1489 4323 etiam
1515 4259 1567 4322 hic

328 4363 488 4430 scribendi
520 4364 628 4425 modus
661 4361 754 4424 facile
775 4362 917 4438 defendi,
938 4363 987 4426 ita
1007 4369 1043 4425 ut
1063 4363 1200 4427 balteum
1223 4383 1272 4426 res
1294 4361 1434 4426 subiecta
1456 4359 1566 4424 audia-

328 4472 379 4528 tur
400 4465 530 4529 coulnsa
552 4463 676 4546 quidem
697 4463 753 4526 sed
775 4462 870 4525 etiam
892 4463 975 4545 apud
998 4464 1161 4526 meliorum
1177 4471 1304 4527 aetatunu
1320 4463 1487 4544 scriptores
1503 4479 1566 4526 nna

327 4566 456 4629 insolita
476 4564 623 4646 loquendi
644 4563 779 4639 ratione,
801 4569 837 4626 ut
858 4565 1026 4628 uerborum
1044 4565 1230 4628 constructio
1251 4566 1291 4627 ab
1313 4563 1434 4646 agendo
1455 4561 1487 4626 in
1508 4581 1566 4646 pa-

328 4666 429 4731 tiendi
461 4665 586 4731 modum
607 4671 765 4743 transeam
787 4667 845 4730 clu.
866 4665 907 4730 de
928 4666 990 4730 nac
1009 4664 1160 4748 enallage,
1178 4671 1219 4730 ut
1239 4665 1362 4730 unicum
1383 4663 1510 4728 afferam
1533 4683 1568 4727 e-
