<?xml version="1.0" encoding="UTF-8"?>
<!DOCTYPE html PUBLIC "-//W3C//DTD XHTML 1.0 Transitional//EN"
    "http://www.w3.org/TR/xhtml1/DTD/xhtml1-transitional.dtd">
<html xmlns="http://www.w3.org/1999/xhtml" xml:lang="en" lang="en">
 <head>
  <title>
</title>
<meta http-equiv="Content-Type" content="text/html;charset=utf-8" />
  <meta name='ocr-system' content='tesseract 3.04.00' />
  <meta name='ocr-capabilities' content='ocr_page ocr_carea ocr_par ocr_line ocrx_word'/>
</head>
<body>
  <div class='ocr_page' id='page_1' title='image "./spartianivitaha00centgoog_0073.png"; bbox 0 0 3602 5552; ppageno 0'>
   <div class='ocr_carea' id='block_1_1' title="bbox 323 517 1086 576">
    <p class='ocr_par' dir='ltr' id='par_1_1' title="bbox 323 517 1086 576">
     <span class='ocr_line' id='line_1_1' title="bbox 323 517 1086 576; baseline 0 -2"><span class='ocrx_word' id='word_1_1' title='bbox 323 517 363 574; x_wconf 71' lang='lat' dir='ltr'><strong>dd</strong></span> <span class='ocrx_word' id='word_1_2' title='bbox 804 521 895 576; x_wconf 82' lang='lat' dir='ltr'><strong>Julius</strong></span> <span class='ocrx_word' id='word_1_3' title='bbox 917 519 1086 574; x_wconf 63' lang='lat' dir='ltr'><strong>memo.</strong></span> 
     </span>
    </p>
   </div>
   <div class='ocr_carea' id='block_1_2' title="bbox 320 687 1570 976">
    <p class='ocr_par' dir='ltr' id='par_1_2' title="bbox 320 687 1570 976">
     <span class='ocr_line' id='line_1_2' title="bbox 322 687 1569 772; baseline -0.003 -20"><span class='ocrx_word' id='word_1_4' title='bbox 322 689 375 752; x_wconf 77' lang='lat' dir='ltr'><strong>ciis</strong></span> <span class='ocrx_word' id='word_1_5' title='bbox 397 688 526 752; x_wconf 74' lang='lat' dir='ltr'><strong>cneum</strong></span> <span class='ocrx_word' id='word_1_6' title='bbox 548 691 653 771; x_wconf 89' lang='lat' dir='ltr'><strong>legatis</strong></span> <span class='ocrx_word' id='word_1_7' title='bbox 675 709 728 771; x_wconf 94' lang='lat' dir='ltr'><strong>pro</strong></span> <span class='ocrx_word' id='word_1_8' title='bbox 749 699 875 772; x_wconf 75' lang='lat' dir='ltr'><strong>praetore</strong></span> <span class='ocrx_word' id='word_1_9' title='bbox 896 697 928 754; x_wconf 87' lang='lat' dir='ltr'><strong>et</strong></span> <span class='ocrx_word' id='word_1_10' title='bbox 948 689 1189 772; x_wconf 88' lang='lat' dir='ltr'><strong>procuratoribus</strong></span> <span class='ocrx_word' id='word_1_11' title='bbox 1210 705 1289 752; x_wconf 83' lang='lat' dir='ltr'><strong>curae</strong></span> <span class='ocrx_word' id='word_1_12' title='bbox 1311 688 1414 762; x_wconf 84' lang='lat' dir='ltr'><strong>fnisse,</strong></span> <span class='ocrx_word' id='word_1_13' title='bbox 1434 687 1464 749; x_wconf 93' lang='lat' dir='ltr'><strong>in</strong></span> <span class='ocrx_word' id='word_1_14' title='bbox 1481 705 1569 748; x_wconf 91' lang='lat' dir='ltr'><strong>sena-</strong></span> 
     </span>
     <span class='ocr_line' id='line_1_3' title="bbox 321 787 1569 872; baseline -0.003 -20"><span class='ocrx_word' id='word_1_15' title='bbox 321 789 406 852; x_wconf 87' lang='lat' dir='ltr'><strong>toriis</strong></span> <span class='ocrx_word' id='word_1_16' title='bbox 428 791 603 870; x_wconf 73' lang='lat' dir='ltr'><strong>presidibus</strong></span> <span class='ocrx_word' id='word_1_17' title='bbox 624 803 654 854; x_wconf 87' lang='lat' dir='ltr'><strong>et</strong></span> <span class='ocrx_word' id='word_1_18' title='bbox 675 792 871 872; x_wconf 80' lang='lat' dir='ltr'><strong>quaestoribus</strong></span> <span class='ocrx_word' id='word_1_19' title='bbox 893 792 936 854; x_wconf 87' lang='lat' dir='ltr'><strong>ita</strong></span> <span class='ocrx_word' id='word_1_20' title='bbox 957 802 1055 854; x_wconf 71' lang='lat' dir='ltr'><strong>umen</strong></span> <span class='ocrx_word' id='word_1_21' title='bbox 1077 800 1111 853; x_wconf 89' lang='lat' dir='ltr'><strong>ut</strong></span> <span class='ocrx_word' id='word_1_22' title='bbox 1132 790 1272 872; x_wconf 76' lang='lat' dir='ltr'>oppidani</span> <span class='ocrx_word' id='word_1_23' title='bbox 1301 789 1491 868; x_wconf 73' lang='lat' dir='ltr'><strong>magistratus</strong></span> <span class='ocrx_word' id='word_1_24' title='bbox 1512 787 1569 848; x_wconf 91' lang='lat' dir='ltr'><strong>sub</strong></span> 
     </span>
     <span class='ocr_line' id='line_1_4' title="bbox 320 887 1570 976; baseline -0.002 -24"><span class='ocrx_word' id='word_1_25' title='bbox 320 890 358 952; x_wconf 90' lang='lat' dir='ltr'><strong>iis</strong></span> <span class='ocrx_word' id='word_1_26' title='bbox 379 910 480 953; x_wconf 87' lang='lat' dir='ltr'><strong>curam</strong></span> <span class='ocrx_word' id='word_1_27' title='bbox 504 892 590 955; x_wconf 85' lang='lat' dir='ltr'><strong>huius</strong></span> <span class='ocrx_word' id='word_1_28' title='bbox 612 893 654 956; x_wconf 91' lang='lat' dir='ltr'><strong>rei</strong></span> <span class='ocrx_word' id='word_1_29' title='bbox 676 902 798 972; x_wconf 77' lang='lat' dir='ltr'>agerent</span> <span class='ocrx_word' id='word_1_30' title='bbox 819 892 888 976; x_wconf 92' lang='lat' dir='ltr'><strong>(cfr.</strong></span> <span class='ocrx_word' id='word_1_31' title='bbox 910 892 1064 956; x_wconf 76' lang='lat' dir='ltr'><strong>Plutarch.</strong></span> <span class='ocrx_word' id='word_1_32' title='bbox 1080 892 1099 953; x_wconf 97' lang='lat' dir='ltr'><strong>l.</strong></span> <span class='ocrx_word' id='word_1_33' title='bbox 1112 887 1158 975; x_wconf 91' lang='lat' dir='ltr'><strong>l.).</strong></span> <span class='ocrx_word' id='word_1_34' title='bbox 1200 891 1380 952; x_wconf 78' lang='lat' dir='ltr'><strong>inferrentur</strong></span> <span class='ocrx_word' id='word_1_35' title='bbox 1399 889 1489 969; x_wconf 90' lang='lat' dir='ltr'><strong>igitur</strong></span> <span class='ocrx_word' id='word_1_36' title='bbox 1503 907 1570 950; x_wconf 93' lang='lat' dir='ltr'><strong>mu-</strong></span> 
     </span>
    </p>
   </div>
   <div class='ocr_carea' id='block_1_3' title="bbox 321 991 1575 4804">
    <p class='ocr_par' dir='ltr' id='par_1_3' title="bbox 321 991 1574 2083">
     <span class='ocr_line' id='line_1_5' title="bbox 322 991 1571 1073; baseline -0.003 -20"><span class='ocrx_word' id='word_1_37' title='bbox 322 991 400 1054; x_wconf 90' lang='lat' dir='ltr'><strong>neris</strong></span> <span class='ocrx_word' id='word_1_38' title='bbox 421 991 600 1056; x_wconf 88' lang='lat' dir='ltr'><strong>uehicularis</strong></span> <span class='ocrx_word' id='word_1_39' title='bbox 621 993 750 1056; x_wconf 87' lang='lat' dir='ltr'><strong>rationes</strong></span> <span class='ocrx_word' id='word_1_40' title='bbox 772 1001 803 1056; x_wconf 87' lang='lat' dir='ltr'><strong>et</strong></span> <span class='ocrx_word' id='word_1_41' title='bbox 823 995 895 1056; x_wconf 89' lang='lat' dir='ltr'><strong>fisco</strong></span> <span class='ocrx_word' id='word_1_42' title='bbox 916 1001 948 1056; x_wconf 88' lang='lat' dir='ltr'><strong>et</strong></span> <span class='ocrx_word' id='word_1_43' title='bbox 961 994 1076 1056; x_wconf 79' lang='lat' dir='ltr'><strong>aerario.</strong></span> <span class='ocrx_word' id='word_1_44' title='bbox 1119 993 1301 1073; x_wconf 87' lang='lat' dir='ltr'><strong>quodquam</strong></span> <span class='ocrx_word' id='word_1_45' title='bbox 1319 991 1475 1053; x_wconf 91' lang='lat' dir='ltr'><strong>molestum</strong></span> <span class='ocrx_word' id='word_1_46' title='bbox 1490 995 1571 1050; x_wconf 89' lang='lat' dir='ltr'><strong>esset</strong></span> 
     </span>
     <span class='ocr_line' id='line_1_6' title="bbox 322 1090 1571 1176; baseline -0.003 -22"><span class='ocrx_word' id='word_1_47' title='bbox 322 1093 546 1172; x_wconf 85' lang='lat' dir='ltr'><strong>magistratibus</strong></span> <span class='ocrx_word' id='word_1_48' title='bbox 567 1094 803 1175; x_wconf 85' lang='lat' dir='ltr'><strong>prouinciarum,</strong></span> <span class='ocrx_word' id='word_1_49' title='bbox 835 1095 957 1176; x_wconf 89' lang='lat' dir='ltr'><strong>quibus,</strong></span> <span class='ocrx_word' id='word_1_50' title='bbox 990 1103 1025 1156; x_wconf 86' lang='lat' dir='ltr'><strong>ut</strong></span> <span class='ocrx_word' id='word_1_51' title='bbox 1056 1113 1093 1154; x_wconf 84' lang='lat' dir='ltr'><strong>ex</strong></span> <span class='ocrx_word' id='word_1_52' title='bbox 1124 1094 1188 1155; x_wconf 91' lang='lat' dir='ltr'><strong>loco</strong></span> <span class='ocrx_word' id='word_1_53' title='bbox 1213 1091 1352 1171; x_wconf 81' lang='lat' dir='ltr'><strong>Procopii</strong></span> <span class='ocrx_word' id='word_1_54' title='bbox 1372 1090 1472 1172; x_wconf 83' lang='lat' dir='ltr'><strong>paullo</strong></span> <span class='ocrx_word' id='word_1_55' title='bbox 1492 1090 1571 1151; x_wconf 88' lang='lat' dir='ltr'><strong>infra</strong></span> 
     </span>
     <span class='ocr_line' id='line_1_7' title="bbox 322 1192 1571 1273; baseline -0.002 -19"><span class='ocrx_word' id='word_1_56' title='bbox 322 1192 503 1267; x_wconf 89' lang='lat' dir='ltr'><strong>uidebimus,</strong></span> <span class='ocrx_word' id='word_1_57' title='bbox 525 1214 596 1257; x_wconf 90' lang='lat' dir='ltr'><strong>cnra</strong></span> <span class='ocrx_word' id='word_1_58' title='bbox 617 1203 681 1258; x_wconf 84' lang='lat' dir='ltr'><strong>erat</strong></span> <span class='ocrx_word' id='word_1_59' title='bbox 704 1197 841 1258; x_wconf 89' lang='lat' dir='ltr'><strong>frumenti</strong></span> <span class='ocrx_word' id='word_1_60' title='bbox 864 1195 979 1258; x_wconf 90' lang='lat' dir='ltr'><strong>emendi</strong></span> <span class='ocrx_word' id='word_1_61' title='bbox 1000 1203 1098 1257; x_wconf 91' lang='lat' dir='ltr'><strong>toturn</strong></span> <span class='ocrx_word' id='word_1_62' title='bbox 1120 1194 1269 1273; x_wconf 79' lang='lat' dir='ltr'><strong>negotium</strong></span> <span class='ocrx_word' id='word_1_63' title='bbox 1290 1192 1329 1254; x_wconf 87' lang='lat' dir='ltr'><strong>ad</strong></span> <span class='ocrx_word' id='word_1_64' title='bbox 1350 1193 1454 1255; x_wconf 75' lang='grc' dir='ltr'>ἱίιοιιιιι</span> <span class='ocrx_word' id='word_1_65' title='bbox 1468 1201 1571 1253; x_wconf 75' lang='lat' dir='ltr'><strong>nans-</strong></span> 
     </span>
     <span class='ocr_line' id='line_1_8' title="bbox 325 1293 1571 1377; baseline -0.003 -21"><span class='ocrx_word' id='word_1_66' title='bbox 325 1294 395 1356; x_wconf 90' lang='lat' dir='ltr'><strong>tulit</strong></span> <span class='ocrx_word' id='word_1_67' title='bbox 415 1294 466 1356; x_wconf 90' lang='lat' dir='ltr'><strong>sed</strong></span> <span class='ocrx_word' id='word_1_68' title='bbox 489 1304 522 1357; x_wconf 86' lang='lat' dir='ltr'><strong>ut</strong></span> <span class='ocrx_word' id='word_1_69' title='bbox 543 1296 632 1358; x_wconf 89' lang='lat' dir='ltr'><strong>etlam</strong></span> <span class='ocrx_word' id='word_1_70' title='bbox 654 1304 759 1358; x_wconf 89' lang='lat' dir='ltr'><strong>tucca</strong></span> <span class='ocrx_word' id='word_1_71' title='bbox 775 1297 900 1377; x_wconf 85' lang='lat' dir='ltr'><strong>priuatis</strong></span> <span class='ocrx_word' id='word_1_72' title='bbox 922 1314 1030 1358; x_wconf 92' lang='lat' dir='ltr'><strong>munus</strong></span> <span class='ocrx_word' id='word_1_73' title='bbox 1051 1294 1263 1357; x_wconf 90' lang='lat' dir='ltr'><strong>uehiculariom</strong></span> <span class='ocrx_word' id='word_1_74' title='bbox 1284 1293 1492 1366; x_wconf 81' lang='lat' dir='ltr'><strong>sustineretur,</strong></span> <span class='ocrx_word' id='word_1_75' title='bbox 1519 1310 1571 1352; x_wconf 89' lang='lat' dir='ltr'><strong>cu-</strong></span> 
     </span>
     <span class='ocr_line' id='line_1_9' title="bbox 321 1393 1571 1477; baseline -0.003 -21"><span class='ocrx_word' id='word_1_76' title='bbox 321 1393 419 1458; x_wconf 83' lang='lat' dir='ltr'><strong>stodia</strong></span> <span class='ocrx_word' id='word_1_77' title='bbox 440 1413 569 1477; x_wconf 90' lang='lat' dir='ltr'><strong>curaque</strong></span> <span class='ocrx_word' id='word_1_78' title='bbox 590 1396 683 1458; x_wconf 86' lang='lat' dir='ltr'><strong>totius</strong></span> <span class='ocrx_word' id='word_1_79' title='bbox 697 1397 740 1459; x_wconf 90' lang='lat' dir='ltr'><strong>rei</strong></span> <span class='ocrx_word' id='word_1_80' title='bbox 754 1416 845 1477; x_wconf 90' lang='lat' dir='ltr'><strong>penes</strong></span> <span class='ocrx_word' id='word_1_81' title='bbox 866 1397 969 1458; x_wconf 87' lang='lat' dir='ltr'><strong>fiscum</strong></span> <span class='ocrx_word' id='word_1_82' title='bbox 992 1404 1079 1458; x_wconf 87' lang='lat' dir='ltr'><strong>esset.</strong></span> <span class='ocrx_word' id='word_1_83' title='bbox 1117 1395 1161 1458; x_wconf 82' lang='lat' dir='ltr'><strong>ita</strong></span> <span class='ocrx_word' id='word_1_84' title='bbox 1183 1397 1294 1458; x_wconf 89' lang='lat' dir='ltr'><strong>factum</strong></span> <span class='ocrx_word' id='word_1_85' title='bbox 1319 1403 1354 1455; x_wconf 90' lang='lat' dir='ltr'><strong>ut</strong></span> <span class='ocrx_word' id='word_1_86' title='bbox 1380 1393 1571 1472; x_wconf 73' lang='lat' dir='ltr'><strong>magistratus</strong></span> 
     </span>
     <span class='ocr_line' id='line_1_10' title="bbox 321 1492 1572 1577; baseline -0.001 -22"><span class='ocrx_word' id='word_1_87' title='bbox 321 1495 542 1576; x_wconf 84' lang='lat' dir='ltr'><strong>prouinciarum</strong></span> <span class='ocrx_word' id='word_1_88' title='bbox 575 1515 682 1576; x_wconf 86' lang='lat' dir='ltr'><strong>magna</strong></span> <span class='ocrx_word' id='word_1_89' title='bbox 708 1517 747 1560; x_wconf 88' lang='lat' dir='ltr'><strong>ex</strong></span> <span class='ocrx_word' id='word_1_90' title='bbox 773 1505 859 1577; x_wconf 88' lang='lat' dir='ltr'><strong>parte</strong></span> <span class='ocrx_word' id='word_1_91' title='bbox 880 1497 1023 1558; x_wconf 89' lang='lat' dir='ltr'><strong>molestiis</strong></span> <span class='ocrx_word' id='word_1_92' title='bbox 1045 1497 1249 1558; x_wconf 86' lang='lat' dir='ltr'><strong>liberarentur.</strong></span> <span class='ocrx_word' id='word_1_93' title='bbox 1292 1513 1360 1556; x_wconf 86' lang='lat' dir='ltr'><strong>narn</strong></span> <span class='ocrx_word' id='word_1_94' title='bbox 1383 1492 1455 1556; x_wconf 91' lang='lat' dir='ltr'><strong>nihil</strong></span> <span class='ocrx_word' id='word_1_95' title='bbox 1477 1492 1572 1571; x_wconf 91' lang='lat' dir='ltr'><strong>magi-</strong></span> 
     </span>
     <span class='ocr_line' id='line_1_11' title="bbox 322 1592 1572 1678; baseline -0.003 -22"><span class='ocrx_word' id='word_1_96' title='bbox 322 1596 431 1658; x_wconf 89' lang='lat' dir='ltr'><strong>stratui</strong></span> <span class='ocrx_word' id='word_1_97' title='bbox 463 1615 529 1658; x_wconf 91' lang='lat' dir='ltr'><strong>cnm</strong></span> <span class='ocrx_word' id='word_1_98' title='bbox 557 1617 593 1660; x_wconf 92' lang='lat' dir='ltr'><strong>ea</strong></span> <span class='ocrx_word' id='word_1_99' title='bbox 620 1617 666 1671; x_wconf 92' lang='lat' dir='ltr'><strong>re,</strong></span> <span class='ocrx_word' id='word_1_100' title='bbox 698 1617 762 1678; x_wconf 81' lang='lat' dir='ltr'><strong>quae</strong></span> <span class='ocrx_word' id='word_1_101' title='bbox 784 1607 831 1660; x_wconf 89' lang='lat' dir='ltr'><strong>est</strong></span> <span class='ocrx_word' id='word_1_102' title='bbox 850 1597 975 1671; x_wconf 88' lang='lat' dir='ltr'><strong>fiscalis,</strong></span> <span class='ocrx_word' id='word_1_103' title='bbox 1006 1607 1040 1658; x_wconf 93' lang='lat' dir='ltr'><strong>ut</strong></span> <span class='ocrx_word' id='word_1_104' title='bbox 1070 1596 1114 1660; x_wconf 88' lang='lat' dir='ltr'><strong>ait</strong></span> <span class='ocrx_word' id='word_1_105' title='bbox 1145 1597 1295 1676; x_wconf 87' lang='lat' dir='ltr'><strong>leisous</strong></span> <span class='ocrx_word' id='word_1_106' title='bbox 1323 1595 1342 1657; x_wconf 89' lang='lat' dir='ltr'><strong>l.</strong></span> <span class='ocrx_word' id='word_1_107' title='bbox 1366 1595 1382 1656; x_wconf 97' lang='lat' dir='ltr'><strong>l</strong></span> <span class='ocrx_word' id='word_1_108' title='bbox 1405 1596 1443 1656; x_wconf 90' lang='lat' dir='ltr'><strong>de</strong></span> <span class='ocrx_word' id='word_1_109' title='bbox 1465 1592 1572 1655; x_wconf 87' lang='lat' dir='ltr'><strong>Officio</strong></span> 
     </span>
     <span class='ocr_line' id='line_1_12' title="bbox 321 1693 1573 1782; baseline -0.004 -23"><span class='ocrx_word' id='word_1_110' title='bbox 321 1697 504 1778; x_wconf 76' lang='lat' dir='ltr'><strong>proconsulis</strong></span> <span class='ocrx_word' id='word_1_111' title='bbox 525 1697 561 1760; x_wconf 80' lang='lat'><strong>1.</strong></span> <span class='ocrx_word' id='word_1_112' title='bbox 582 1695 603 1759; x_wconf 88' lang='grc'>9</span> <span class='ocrx_word' id='word_1_113' title='bbox 624 1697 662 1760; x_wconf 89' lang='grc' dir='ltr'><strong>Ι).</strong></span> <span class='ocrx_word' id='word_1_114' title='bbox 685 1698 722 1758; x_wconf 90' lang='lat' dir='ltr'><strong>de</strong></span> <span class='ocrx_word' id='word_1_115' title='bbox 744 1699 791 1760; x_wconf 84' lang='lat' dir='ltr'><strong>off.</strong></span> <span class='ocrx_word' id='word_1_116' title='bbox 814 1718 898 1779; x_wconf 84' lang='lat' dir='ltr'><strong>praes.</strong></span> <span class='ocrx_word' id='word_1_117' title='bbox 923 1699 950 1774; x_wconf 93' lang='lat' dir='ltr'><strong>l,</strong></span> <span class='ocrx_word' id='word_1_118' title='bbox 975 1697 1026 1762; x_wconf 85' lang='lat'><strong>16:</strong></span> <span class='ocrx_word' id='word_1_119' title='bbox 1048 1717 1120 1760; x_wconf 84' lang='lat' dir='ltr'><strong>eane</strong></span> <span class='ocrx_word' id='word_1_120' title='bbox 1140 1696 1168 1758; x_wconf 85' lang='lat' dir='ltr'><strong>oa&#39;</strong></span> <span class='ocrx_word' id='word_1_121' title='bbox 1184 1694 1304 1782; x_wconf 78' lang='lat' dir='ltr'><strong>fiscalia</strong></span> <span class='ocrx_word' id='word_1_122' title='bbox 1328 1693 1459 1779; x_wconf 81' lang='lat' dir='ltr'><strong>pecunia</strong></span> <span class='ocrx_word' id='word_1_123' title='bbox 1481 1713 1573 1756; x_wconf 82' lang='lat' dir='ltr'><strong>caasa</strong></span> 
     </span>
     <span class='ocr_line' id='line_1_13' title="bbox 321 1791 1573 1882; baseline -0.004 -22"><span class='ocrx_word' id='word_1_124' title='bbox 321 1799 376 1872; x_wconf 80' lang='lat' dir='ltr'><strong>eil,</strong></span> <span class='ocrx_word' id='word_1_125' title='bbox 400 1818 466 1880; x_wconf 84' lang='lat' dir='ltr'><strong>qaue</strong></span> <span class='ocrx_word' id='word_1_126' title='bbox 486 1797 528 1860; x_wconf 84' lang='lat' dir='ltr'><strong>ad</strong></span> <span class='ocrx_word' id='word_1_127' title='bbox 544 1807 773 1882; x_wconf 63' lang='lat' dir='ltr'><strong>procuratorem</strong></span> <span class='ocrx_word' id='word_1_128' title='bbox 792 1797 944 1882; x_wconf 66' lang='lat' dir='ltr'><strong>principie</strong></span> <span class='ocrx_word' id='word_1_129' title='bbox 964 1797 1099 1882; x_wconf 75' lang='lat' dir='ltr'><strong>respicit,</strong></span> <span class='ocrx_word' id='word_1_130' title='bbox 1130 1795 1237 1862; x_wconf 80' lang='lat' dir='ltr'><strong>melino</strong></span> <span class='ocrx_word' id='word_1_131' title='bbox 1253 1795 1363 1881; x_wconf 78' lang='lat' dir='ltr'><strong>fecerit</strong></span> <span class='ocrx_word' id='word_1_132' title='bbox 1384 1791 1573 1880; x_wconf 88' lang='lat' dir='ltr'><strong>(proconsul)</strong></span> 
     </span>
     <span class='ocr_line' id='line_1_14' title="bbox 321 1894 1574 1985; baseline -0.005 -23"><span class='ocrx_word' id='word_1_133' title='bbox 321 1899 349 1962; x_wconf 83' lang='lat' dir='ltr'><strong>ei</strong></span> <span class='ocrx_word' id='word_1_134' title='bbox 369 1896 521 1960; x_wconf 78' lang='lat' dir='ltr'><strong>abstineat.</strong></span> <span class='ocrx_word' id='word_1_135' title='bbox 553 1908 680 1979; x_wconf 85' lang='lat' dir='ltr'><strong>apparet</strong></span> <span class='ocrx_word' id='word_1_136' title='bbox 703 1899 793 1979; x_wconf 90' lang='lat' dir='ltr'><strong>igitur</strong></span> <span class='ocrx_word' id='word_1_137' title='bbox 811 1900 922 1980; x_wconf 86' lang='lat' dir='ltr'><strong>optime</strong></span> <span class='ocrx_word' id='word_1_138' title='bbox 944 1900 989 1961; x_wconf 85' lang='lat' dir='ltr'><strong>ite</strong></span> <span class='ocrx_word' id='word_1_139' title='bbox 1009 1899 1150 1979; x_wconf 83' lang='lat' dir='ltr'><strong>explicari</strong></span> <span class='ocrx_word' id='word_1_140' title='bbox 1172 1908 1202 1961; x_wconf 88' lang='lat' dir='ltr'><strong>et</strong></span> <span class='ocrx_word' id='word_1_141' title='bbox 1223 1899 1295 1962; x_wconf 91' lang='lat' dir='ltr'><strong>illud</strong></span> <span class='ocrx_word' id='word_1_142' title='bbox 1301 1894 1422 1985; x_wconf 76' lang='lat' dir='ltr'><strong>fiscalia</strong></span> <span class='ocrx_word' id='word_1_143' title='bbox 1437 1907 1469 1959; x_wconf 91' lang='lat' dir='ltr'><strong>et</strong></span> <span class='ocrx_word' id='word_1_144' title='bbox 1482 1895 1574 1958; x_wconf 89' lang='lat' dir='ltr'><strong>uerba</strong></span> 
     </span>
     <span class='ocr_line' id='line_1_15' title="bbox 321 1998 986 2083; baseline -0.003 -21"><span class='ocrx_word' id='word_1_145' title='bbox 321 2021 358 2062; x_wconf 86' lang='lat' dir='ltr'><strong>ne</strong></span> <span class='ocrx_word' id='word_1_146' title='bbox 379 1998 433 2060; x_wconf 77' lang='lat' dir='ltr'><strong>lroc</strong></span> <span class='ocrx_word' id='word_1_147' title='bbox 454 2019 541 2062; x_wconf 69' lang='lat' dir='ltr'><strong>onae</strong></span> <span class='ocrx_word' id='word_1_148' title='bbox 561 1998 755 2082; x_wconf 70' lang='lat' dir='ltr'><strong>magistratus</strong></span> <span class='ocrx_word' id='word_1_149' title='bbox 772 2009 986 2083; x_wconf 59' lang='lat' dir='ltr'><strong>morarentur.</strong></span> 
     </span>
    </p>

    <p class='ocr_par' dir='ltr' id='par_1_4' title="bbox 323 2099 1575 2785">
     <span class='ocr_line' id='line_1_16' title="bbox 405 2099 1572 2182; baseline -0.003 -20"><span class='ocrx_word' id='word_1_150' title='bbox 405 2099 463 2162; x_wconf 87' lang='lat' dir='ltr'><strong>iam</strong></span> <span class='ocrx_word' id='word_1_151' title='bbox 480 2119 550 2163; x_wconf 91' lang='lat' dir='ltr'><strong>nero</strong></span> <span class='ocrx_word' id='word_1_152' title='bbox 565 2101 604 2162; x_wconf 90' lang='lat' dir='ltr'><strong>ad</strong></span> <span class='ocrx_word' id='word_1_153' title='bbox 618 2109 782 2179; x_wconf 86' lang='lat' dir='ltr'><strong>potestates</strong></span> <span class='ocrx_word' id='word_1_154' title='bbox 796 2102 915 2164; x_wconf 86' lang='lat' dir='ltr'><strong>urbicas</strong></span> <span class='ocrx_word' id='word_1_155' title='bbox 930 2101 1124 2182; x_wconf 86' lang='lat' dir='ltr'><strong>magistratus</strong></span> <span class='ocrx_word' id='word_1_156' title='bbox 1139 2099 1314 2164; x_wconf 88' lang='lat' dir='ltr'><strong>uocabulum</strong></span> <span class='ocrx_word' id='word_1_157' title='bbox 1331 2100 1451 2172; x_wconf 88' lang='lat' dir='ltr'><strong>referre,</strong></span> <span class='ocrx_word' id='word_1_158' title='bbox 1466 2116 1572 2178; x_wconf 90' lang='lat' dir='ltr'><strong>quam-</strong></span> 
     </span>
     <span class='ocr_line' id='line_1_17' title="bbox 324 2197 1572 2287; baseline -0.003 -24"><span class='ocrx_word' id='word_1_159' title='bbox 324 2219 413 2282; x_wconf 90' lang='lat' dir='ltr'><strong>quam</strong></span> <span class='ocrx_word' id='word_1_160' title='bbox 442 2209 473 2261; x_wconf 92' lang='lat' dir='ltr'><strong>et</strong></span> <span class='ocrx_word' id='word_1_161' title='bbox 497 2201 644 2263; x_wconf 91' lang='lat' dir='ltr'><strong>duumuiri</strong></span> <span class='ocrx_word' id='word_1_162' title='bbox 675 2200 875 2287; x_wconf 89' lang='lat' dir='ltr'><strong>(quatuoruiri</strong></span> <span class='ocrx_word' id='word_1_163' title='bbox 902 2199 977 2286; x_wconf 91' lang='lat' dir='ltr'><strong>cet.)</strong></span> <span class='ocrx_word' id='word_1_164' title='bbox 1006 2212 1038 2264; x_wconf 90' lang='lat' dir='ltr'><strong>et</strong></span> <span class='ocrx_word' id='word_1_165' title='bbox 1069 2201 1119 2264; x_wconf 94' lang='lat' dir='ltr'><strong>alii</strong></span> <span class='ocrx_word' id='word_1_166' title='bbox 1146 2201 1196 2283; x_wconf 92' lang='lat' dir='ltr'><strong>qni</strong></span> <span class='ocrx_word' id='word_1_167' title='bbox 1217 2200 1265 2262; x_wconf 88' lang='lat' dir='ltr'><strong>uel</strong></span> <span class='ocrx_word' id='word_1_168' title='bbox 1286 2200 1316 2262; x_wconf 92' lang='lat' dir='ltr'><strong>in</strong></span> <span class='ocrx_word' id='word_1_169' title='bbox 1340 2197 1505 2280; x_wconf 90' lang='lat' dir='ltr'><strong>municipiis</strong></span> <span class='ocrx_word' id='word_1_170' title='bbox 1526 2198 1572 2260; x_wconf 93' lang='lat' dir='ltr'><strong>uel</strong></span> 
     </span>
     <span class='ocr_line' id='line_1_18' title="bbox 323 2299 1574 2382; baseline -0.002 -20"><span class='ocrx_word' id='word_1_171' title='bbox 323 2301 354 2362; x_wconf 94' lang='lat' dir='ltr'><strong>in</strong></span> <span class='ocrx_word' id='word_1_172' title='bbox 387 2300 509 2363; x_wconf 91' lang='lat' dir='ltr'><strong>coloniis</strong></span> <span class='ocrx_word' id='word_1_173' title='bbox 539 2301 827 2365; x_wconf 84' lang='lat' dir='ltr'><strong>administrationem</strong></span> <span class='ocrx_word' id='word_1_174' title='bbox 857 2302 987 2382; x_wconf 87' lang='lat' dir='ltr'><strong>aliquam</strong></span> <span class='ocrx_word' id='word_1_175' title='bbox 1015 2302 1128 2364; x_wconf 87' lang='lat' dir='ltr'><strong>habent</strong></span> <span class='ocrx_word' id='word_1_176' title='bbox 1155 2319 1359 2381; x_wconf 88' lang='lat' dir='ltr'><strong>nonnusquam</strong></span> <span class='ocrx_word' id='word_1_177' title='bbox 1382 2299 1574 2380; x_wconf 86' lang='lat' dir='ltr'><strong>magistratus</strong></span> 
     </span>
     <span class='ocr_line' id='line_1_19' title="bbox 325 2402 1574 2484; baseline -0.002 -20"><span class='ocrx_word' id='word_1_178' title='bbox 325 2409 469 2464; x_wconf 87' lang='lat' dir='ltr'><strong>uocantur</strong></span> <span class='ocrx_word' id='word_1_179' title='bbox 490 2402 538 2464; x_wconf 92' lang='lat' dir='ltr'><strong>uel</strong></span> <span class='ocrx_word' id='word_1_180' title='bbox 559 2402 590 2464; x_wconf 89' lang='lat' dir='ltr'><strong>id</strong></span> <span class='ocrx_word' id='word_1_181' title='bbox 612 2411 696 2465; x_wconf 84' lang='lat' dir='ltr'><strong>uetat</strong></span> <span class='ocrx_word' id='word_1_182' title='bbox 717 2403 794 2484; x_wconf 92' lang='lat' dir='ltr'><strong>quod</strong></span> <span class='ocrx_word' id='word_1_183' title='bbox 816 2404 976 2466; x_wconf 86' lang='lat' dir='ltr'><strong>absurdum</strong></span> <span class='ocrx_word' id='word_1_184' title='bbox 999 2403 1106 2477; x_wconf 90' lang='lat' dir='ltr'><strong>fuerit,</strong></span> <span class='ocrx_word' id='word_1_185' title='bbox 1126 2403 1151 2464; x_wconf 88' lang='lat' dir='ltr'><strong>si</strong></span> <span class='ocrx_word' id='word_1_186' title='bbox 1173 2402 1360 2476; x_wconf 86' lang='lat' dir='ltr'><strong>Hadrianus,</strong></span> <span class='ocrx_word' id='word_1_187' title='bbox 1393 2419 1482 2482; x_wconf 92' lang='lat' dir='ltr'><strong>qnum</strong></span> <span class='ocrx_word' id='word_1_188' title='bbox 1504 2419 1574 2480; x_wconf 91' lang='lat' dir='ltr'><strong>pro-</strong></span> 
     </span>
     <span class='ocr_line' id='line_1_20' title="bbox 325 2501 1575 2586; baseline -0.002 -22"><span class='ocrx_word' id='word_1_189' title='bbox 325 2521 405 2564; x_wconf 90' lang='lat' dir='ltr'><strong>ceres</strong></span> <span class='ocrx_word' id='word_1_190' title='bbox 425 2503 645 2577; x_wconf 86' lang='lat' dir='ltr'><strong>Romanorum,</strong></span> <span class='ocrx_word' id='word_1_191' title='bbox 666 2523 739 2585; x_wconf 88' lang='lat' dir='ltr'><strong>quos</strong></span> <span class='ocrx_word' id='word_1_192' title='bbox 759 2523 872 2584; x_wconf 87' lang='lat' dir='ltr'><strong>poenas</strong></span> <span class='ocrx_word' id='word_1_193' title='bbox 894 2513 1020 2586; x_wconf 86' lang='lat' dir='ltr'><strong>quatuor</strong></span> <span class='ocrx_word' id='word_1_194' title='bbox 1041 2504 1170 2566; x_wconf 91' lang='lat' dir='ltr'><strong>uirorum</strong></span> <span class='ocrx_word' id='word_1_195' title='bbox 1191 2503 1389 2566; x_wconf 85' lang='lat' dir='ltr'><strong>consularium</strong></span> <span class='ocrx_word' id='word_1_196' title='bbox 1409 2501 1575 2563; x_wconf 86' lang='lat' dir='ltr'><strong>offenderat</strong></span> 
     </span>
     <span class='ocr_line' id='line_1_21' title="bbox 324 2601 1575 2685; baseline -0.005 -19"><span class='ocrx_word' id='word_1_197' title='bbox 324 2603 382 2666; x_wconf 87' lang='lat' dir='ltr'><strong>sibi</strong></span> <span class='ocrx_word' id='word_1_198' title='bbox 414 2604 571 2666; x_wconf 87' lang='lat' dir='ltr'><strong>conciliare</strong></span> <span class='ocrx_word' id='word_1_199' title='bbox 603 2605 706 2678; x_wconf 88' lang='lat' dir='ltr'><strong>uellet,</strong></span> <span class='ocrx_word' id='word_1_200' title='bbox 737 2605 965 2685; x_wconf 88' lang='lat' dir='ltr'><strong>magistratibus</strong></span> <span class='ocrx_word' id='word_1_201' title='bbox 993 2604 1105 2666; x_wconf 90' lang='lat' dir='ltr'><strong>minimi</strong></span> <span class='ocrx_word' id='word_1_202' title='bbox 1133 2603 1275 2666; x_wconf 89' lang='lat' dir='ltr'><strong>momenti</strong></span> <span class='ocrx_word' id='word_1_203' title='bbox 1297 2601 1521 2684; x_wconf 88' lang='lat' dir='ltr'><strong>municipiorum</strong></span> <span class='ocrx_word' id='word_1_204' title='bbox 1543 2610 1575 2660; x_wconf 90' lang='lat' dir='ltr'><strong>et</strong></span> 
     </span>
     <span class='ocr_line' id='line_1_22' title="bbox 325 2704 1017 2785; baseline 0 -19"><span class='ocrx_word' id='word_1_205' title='bbox 325 2704 506 2766; x_wconf 90' lang='lat' dir='ltr'><strong>coloniarum</strong></span> <span class='ocrx_word' id='word_1_206' title='bbox 527 2712 643 2785; x_wconf 87' lang='lat' dir='ltr'><strong>gratum</strong></span> <span class='ocrx_word' id='word_1_207' title='bbox 666 2705 761 2768; x_wconf 88' lang='lat' dir='ltr'><strong>facere</strong></span> <span class='ocrx_word' id='word_1_208' title='bbox 782 2715 908 2768; x_wconf 88' lang='lat' dir='ltr'><strong>conatus</strong></span> <span class='ocrx_word' id='word_1_209' title='bbox 929 2712 1017 2768; x_wconf 89' lang='lat' dir='ltr'><strong>esset.</strong></span> 
     </span>
    </p>

    <p class='ocr_par' dir='ltr' id='par_1_5' title="bbox 325 2804 1575 3287">
     <span class='ocr_line' id='line_1_23' title="bbox 407 2804 1574 2888; baseline -0.001 -21"><span class='ocrx_word' id='word_1_210' title='bbox 407 2806 558 2868; x_wconf 86' lang='lat' dir='ltr'><strong>sententia</strong></span> <span class='ocrx_word' id='word_1_211' title='bbox 580 2806 705 2888; x_wconf 90' lang='lat' dir='ltr'><strong>denique</strong></span> <span class='ocrx_word' id='word_1_212' title='bbox 726 2825 762 2869; x_wconf 89' lang='lat' dir='ltr'><strong>ea</strong></span> <span class='ocrx_word' id='word_1_213' title='bbox 783 2826 872 2888; x_wconf 86' lang='lat' dir='ltr'><strong>quam</strong></span> <span class='ocrx_word' id='word_1_214' title='bbox 900 2806 1096 2869; x_wconf 76' lang='lat' dir='ltr'><strong>casaubonus</strong></span> <span class='ocrx_word' id='word_1_215' title='bbox 1122 2805 1180 2868; x_wconf 84' lang='lat' dir='ltr'><strong>alio</strong></span> <span class='ocrx_word' id='word_1_216' title='bbox 1201 2804 1266 2868; x_wconf 91' lang='lat' dir='ltr'><strong>loco</strong></span> <span class='ocrx_word' id='word_1_217' title='bbox 1288 2823 1346 2867; x_wconf 92' lang='lat' dir='ltr'><strong>non</strong></span> <span class='ocrx_word' id='word_1_218' title='bbox 1368 2804 1433 2866; x_wconf 92' lang='lat' dir='ltr'><strong>sine</strong></span> <span class='ocrx_word' id='word_1_219' title='bbox 1454 2804 1574 2866; x_wconf 90' lang='lat' dir='ltr'><strong>dubita-</strong></span> 
     </span>
     <span class='ocr_line' id='line_1_24' title="bbox 325 2905 1575 2989; baseline -0.003 -20"><span class='ocrx_word' id='word_1_220' title='bbox 325 2906 407 2970; x_wconf 85' lang='lat' dir='ltr'><strong>tione</strong></span> <span class='ocrx_word' id='word_1_221' title='bbox 428 2907 581 2987; x_wconf 89' lang='lat' dir='ltr'><strong>proponit,</strong></span> <span class='ocrx_word' id='word_1_222' title='bbox 603 2926 662 2989; x_wconf 88' lang='lat' dir='ltr'><strong>que</strong></span> <span class='ocrx_word' id='word_1_223' title='bbox 683 2908 910 2987; x_wconf 89' lang='lat' dir='ltr'><strong>magistratuum</strong></span> <span class='ocrx_word' id='word_1_224' title='bbox 932 2907 980 2970; x_wconf 92' lang='lat' dir='ltr'><strong>hic</strong></span> <span class='ocrx_word' id='word_1_225' title='bbox 1002 2907 1111 2969; x_wconf 87' lang='lat' dir='ltr'><strong>factam</strong></span> <span class='ocrx_word' id='word_1_226' title='bbox 1133 2906 1312 2970; x_wconf 89' lang='lat' dir='ltr'><strong>mentionem</strong></span> <span class='ocrx_word' id='word_1_227' title='bbox 1329 2906 1366 2967; x_wconf 91' lang='lat' dir='ltr'><strong>ad</strong></span> <span class='ocrx_word' id='word_1_228' title='bbox 1389 2905 1501 2986; x_wconf 79' lang='lat' dir='ltr'><strong>praedia</strong></span> <span class='ocrx_word' id='word_1_229' title='bbox 1522 2923 1575 2965; x_wconf 90' lang='lat' dir='ltr'><strong>eo-</strong></span> 
     </span>
     <span class='ocr_line' id='line_1_25' title="bbox 325 3003 1574 3088; baseline -0.003 -20"><span class='ocrx_word' id='word_1_230' title='bbox 325 3025 389 3068; x_wconf 90' lang='lat' dir='ltr'><strong>rnm</strong></span> <span class='ocrx_word' id='word_1_231' title='bbox 411 3007 442 3068; x_wconf 92' lang='lat' dir='ltr'><strong>in</strong></span> <span class='ocrx_word' id='word_1_232' title='bbox 463 3007 555 3070; x_wconf 90' lang='lat' dir='ltr'><strong>Italia</strong></span> <span class='ocrx_word' id='word_1_233' title='bbox 568 3008 627 3070; x_wconf 89' lang='lat' dir='ltr'><strong>sita</strong></span> <span class='ocrx_word' id='word_1_234' title='bbox 642 3009 747 3082; x_wconf 88' lang='lat' dir='ltr'><strong>refert,</strong></span> <span class='ocrx_word' id='word_1_235' title='bbox 768 3009 949 3072; x_wconf 80' lang='lat' dir='ltr'><strong>refutatione</strong></span> <span class='ocrx_word' id='word_1_236' title='bbox 966 3026 1024 3070; x_wconf 90' lang='lat' dir='ltr'><strong>non</strong></span> <span class='ocrx_word' id='word_1_237' title='bbox 1043 3027 1128 3088; x_wconf 88' lang='lat' dir='ltr'><strong>egere</strong></span> <span class='ocrx_word' id='word_1_238' title='bbox 1143 3007 1268 3071; x_wconf 90' lang='lat' dir='ltr'><strong>uidetur.</strong></span> <span class='ocrx_word' id='word_1_239' title='bbox 1301 3005 1379 3088; x_wconf 92' lang='lat' dir='ltr'><strong>quod</strong></span> <span class='ocrx_word' id='word_1_240' title='bbox 1393 3005 1469 3067; x_wconf 92' lang='lat' dir='ltr'><strong>idem</strong></span> <span class='ocrx_word' id='word_1_241' title='bbox 1485 3005 1522 3066; x_wconf 91' lang='lat' dir='ltr'><strong>de</strong></span> <span class='ocrx_word' id='word_1_242' title='bbox 1536 3003 1574 3066; x_wconf 87' lang='lat' dir='ltr'><strong>iis</strong></span> 
     </span>
     <span class='ocr_line' id='line_1_26' title="bbox 326 3103 1575 3188; baseline 0 -21"><span class='ocrx_word' id='word_1_243' title='bbox 326 3107 408 3168; x_wconf 91' lang='lat' dir='ltr'><strong>ualet</strong></span> <span class='ocrx_word' id='word_1_244' title='bbox 433 3108 484 3188; x_wconf 94' lang='lat' dir='ltr'><strong>qui</strong></span> <span class='ocrx_word' id='word_1_245' title='bbox 516 3108 596 3171; x_wconf 89' lang='lat' dir='ltr'><strong>nulla</strong></span> <span class='ocrx_word' id='word_1_246' title='bbox 617 3109 699 3172; x_wconf 89' lang='lat' dir='ltr'><strong>ducti</strong></span> <span class='ocrx_word' id='word_1_247' title='bbox 720 3112 897 3174; x_wconf 87' lang='lat' dir='ltr'><strong>necessitate</strong></span> <span class='ocrx_word' id='word_1_248' title='bbox 923 3117 1027 3172; x_wconf 82' lang='lat' dir='ltr'><strong>contm</strong></span> <span class='ocrx_word' id='word_1_249' title='bbox 1052 3109 1184 3172; x_wconf 90' lang='lat' dir='ltr'><strong>codicum</strong></span> <span class='ocrx_word' id='word_1_250' title='bbox 1210 3108 1419 3171; x_wconf 86' lang='lat' dir='ltr'><strong>anctoritatem</strong></span> <span class='ocrx_word' id='word_1_251' title='bbox 1446 3103 1575 3168; x_wconf 68' lang='lat' dir='ltr'><strong>inhibuit</strong></span> 
     </span>
     <span class='ocr_line' id='line_1_27' title="bbox 325 3206 690 3287; baseline 0.005 -19"><span class='ocrx_word' id='word_1_252' title='bbox 325 3225 378 3287; x_wconf 89' lang='lat' dir='ltr'><strong>pro</strong></span> <span class='ocrx_word' id='word_1_253' title='bbox 399 3206 527 3268; x_wconf 74' lang='lat' dir='ltr'><strong>lmtitaa&#39;t</strong></span> <span class='ocrx_word' id='word_1_254' title='bbox 546 3208 690 3272; x_wconf 90' lang='lat' dir='ltr'><strong>scribunt.</strong></span> 
     </span>
    </p>

    <p class='ocr_par' dir='ltr' id='par_1_6' title="bbox 324 3307 1575 4804">
     <span class='ocr_line' id='line_1_28' title="bbox 409 3307 1574 3393; baseline 0 -25"><span class='ocrx_word' id='word_1_255' title='bbox 409 3307 467 3368; x_wconf 88' lang='lat' dir='ltr'><strong>iam</strong></span> <span class='ocrx_word' id='word_1_256' title='bbox 490 3326 560 3369; x_wconf 90' lang='lat' dir='ltr'><strong>uero</strong></span> <span class='ocrx_word' id='word_1_257' title='bbox 581 3308 630 3372; x_wconf 88' lang='lat' dir='ltr'><strong>lric</strong></span> <span class='ocrx_word' id='word_1_258' title='bbox 650 3311 688 3372; x_wconf 89' lang='lat' dir='ltr'><strong>de</strong></span> <span class='ocrx_word' id='word_1_259' title='bbox 709 3328 766 3391; x_wconf 92' lang='lat' dir='ltr'><strong>quo</strong></span> <span class='ocrx_word' id='word_1_260' title='bbox 788 3310 847 3373; x_wconf 90' lang='lat' dir='ltr'><strong>iam</strong></span> <span class='ocrx_word' id='word_1_261' title='bbox 869 3311 919 3373; x_wconf 92' lang='lat' dir='ltr'><strong>diu</strong></span> <span class='ocrx_word' id='word_1_262' title='bbox 943 3311 1089 3393; x_wconf 91' lang='lat' dir='ltr'><strong>loquimur</strong></span> <span class='ocrx_word' id='word_1_263' title='bbox 1109 3311 1244 3393; x_wconf 88' lang='lat' dir='ltr'><strong>publicus</strong></span> <span class='ocrx_word' id='word_1_264' title='bbox 1266 3327 1367 3370; x_wconf 92' lang='lat' dir='ltr'><strong>cursus</strong></span> <span class='ocrx_word' id='word_1_265' title='bbox 1387 3307 1484 3389; x_wconf 87' lang='lat' dir='ltr'><strong>qualis</strong></span> <span class='ocrx_word' id='word_1_266' title='bbox 1510 3308 1574 3370; x_wconf 89' lang='lat' dir='ltr'><strong>fue·</strong></span> 
     </span>
     <span class='ocr_line' id='line_1_29' title="bbox 326 3406 1574 3493; baseline -0.001 -23"><span class='ocrx_word' id='word_1_267' title='bbox 326 3407 367 3470; x_wconf 89' lang='lat' dir='ltr'><strong>rit</strong></span> <span class='ocrx_word' id='word_1_268' title='bbox 387 3406 588 3488; x_wconf 89' lang='lat' dir='ltr'><strong>superioribus</strong></span> <span class='ocrx_word' id='word_1_269' title='bbox 609 3411 793 3490; x_wconf 90' lang='lat' dir='ltr'><strong>temporibus</strong></span> <span class='ocrx_word' id='word_1_270' title='bbox 814 3411 942 3490; x_wconf 90' lang='lat' dir='ltr'><strong>perspici</strong></span> <span class='ocrx_word' id='word_1_271' title='bbox 963 3422 1062 3493; x_wconf 88' lang='lat' dir='ltr'><strong>potest</strong></span> <span class='ocrx_word' id='word_1_272' title='bbox 1083 3433 1122 3476; x_wconf 87' lang='lat' dir='ltr'><strong>ex</strong></span> <span class='ocrx_word' id='word_1_273' title='bbox 1135 3412 1199 3476; x_wconf 91' lang='lat' dir='ltr'><strong>loco</strong></span> <span class='ocrx_word' id='word_1_274' title='bbox 1214 3409 1352 3488; x_wconf 90' lang='lat' dir='ltr'><strong>Procopii</strong></span> <span class='ocrx_word' id='word_1_275' title='bbox 1368 3409 1447 3472; x_wconf 86' lang='lat' dir='ltr'><strong>Hist</strong></span> <span class='ocrx_word' id='word_1_276' title='bbox 1460 3407 1574 3471; x_wconf 83' lang='lat' dir='ltr'><strong>Arcen.</strong></span> 
     </span>
     <span class='ocr_line' id='line_1_30' title="bbox 327 3503 1575 3597; baseline -0.001 -27"><span class='ocrx_word' id='word_1_277' title='bbox 327 3528 353 3572; x_wconf 91' lang='lat' dir='ltr'><strong>c.</strong></span> <span class='ocrx_word' id='word_1_278' title='bbox 375 3507 417 3569; x_wconf 88' lang='grc'><strong>30</strong></span> <span class='ocrx_word' id='word_1_279' title='bbox 438 3505 500 3592; x_wconf 90' lang='lat' dir='ltr'><strong>(ed.</strong></span> <span class='ocrx_word' id='word_1_280' title='bbox 520 3507 648 3572; x_wconf 91' lang='lat' dir='ltr'><strong>Orellius</strong></span> <span class='ocrx_word' id='word_1_281' title='bbox 669 3510 751 3591; x_wconf 91' lang='lat' dir='ltr'><strong>Lips.</strong></span> <span class='ocrx_word' id='word_1_282' title='bbox 776 3503 884 3597; x_wconf 80' lang='lat'><strong>1827),</strong></span> <span class='ocrx_word' id='word_1_283' title='bbox 905 3529 991 3591; x_wconf 90' lang='lat' dir='ltr'><strong>quem</strong></span> <span class='ocrx_word' id='word_1_284' title='bbox 1013 3514 1108 3576; x_wconf 91' lang='lat' dir='ltr'><strong>locum</strong></span> <span class='ocrx_word' id='word_1_285' title='bbox 1130 3513 1174 3575; x_wconf 91' lang='lat' dir='ltr'><strong>ita</strong></span> <span class='ocrx_word' id='word_1_286' title='bbox 1195 3510 1286 3573; x_wconf 87' lang='lat' dir='ltr'><strong>latine</strong></span> <span class='ocrx_word' id='word_1_287' title='bbox 1307 3509 1467 3572; x_wconf 89' lang='lat' dir='ltr'><strong>uertimus:</strong></span> <span class='ocrx_word' id='word_1_288' title='bbox 1494 3509 1575 3590; x_wconf 89' lang='lat' dir='ltr'><strong>prio-</strong></span> 
     </span>
     <span class='ocr_line' id='line_1_31' title="bbox 326 3609 1575 3691; baseline -0.002 -19"><span class='ocrx_word' id='word_1_289' title='bbox 326 3628 372 3672; x_wconf 89' lang='lat' dir='ltr'><strong>res</strong></span> <span class='ocrx_word' id='word_1_290' title='bbox 394 3609 523 3672; x_wconf 89' lang='lat' dir='ltr'><strong>Romani</strong></span> <span class='ocrx_word' id='word_1_291' title='bbox 545 3609 691 3691; x_wconf 88' lang='lat' dir='ltr'><strong>principes</strong></span> <span class='ocrx_word' id='word_1_292' title='bbox 712 3617 747 3673; x_wconf 90' lang='lat' dir='ltr'><strong>nt</strong></span> <span class='ocrx_word' id='word_1_293' title='bbox 768 3629 855 3691; x_wconf 91' lang='lat' dir='ltr'><strong>quam</strong></span> <span class='ocrx_word' id='word_1_294' title='bbox 878 3610 1028 3674; x_wconf 90' lang='lat' dir='ltr'><strong>celerrime</strong></span> <span class='ocrx_word' id='word_1_295' title='bbox 1050 3631 1087 3674; x_wconf 88' lang='lat' dir='ltr'><strong>ex</strong></span> <span class='ocrx_word' id='word_1_296' title='bbox 1108 3611 1220 3674; x_wconf 89' lang='lat' dir='ltr'><strong>nuntiis</strong></span> <span class='ocrx_word' id='word_1_297' title='bbox 1248 3618 1477 3690; x_wconf 86' lang='lat' dir='ltr'><strong>cognoscerent,</strong></span> <span class='ocrx_word' id='word_1_298' title='bbox 1508 3627 1575 3691; x_wconf 81' lang='lat' dir='ltr'><strong>qnae</strong></span> 
     </span>
     <span class='ocr_line' id='line_1_32' title="bbox 324 3709 1572 3794; baseline -0.001 -22"><span class='ocrx_word' id='word_1_299' title='bbox 324 3709 455 3791; x_wconf 88' lang='lat' dir='ltr'><strong>quelibet</strong></span> <span class='ocrx_word' id='word_1_300' title='bbox 477 3709 506 3771; x_wconf 90' lang='lat' dir='ltr'><strong>in</strong></span> <span class='ocrx_word' id='word_1_301' title='bbox 528 3709 681 3790; x_wconf 90' lang='lat' dir='ltr'><strong>prouincia</strong></span> <span class='ocrx_word' id='word_1_302' title='bbox 702 3711 804 3774; x_wconf 89' lang='lat' dir='ltr'><strong>hostes</strong></span> <span class='ocrx_word' id='word_1_303' title='bbox 825 3709 1008 3786; x_wconf 87' lang='lat' dir='ltr'><strong>molirentur,</strong></span> <span class='ocrx_word' id='word_1_304' title='bbox 1028 3731 1093 3794; x_wconf 85' lang='lat' dir='ltr'><strong>quae</strong></span> <span class='ocrx_word' id='word_1_305' title='bbox 1113 3713 1143 3774; x_wconf 94' lang='lat' dir='ltr'><strong>in</strong></span> <span class='ocrx_word' id='word_1_306' title='bbox 1165 3709 1288 3791; x_wconf 90' lang='lat' dir='ltr'><strong>singulis</strong></span> <span class='ocrx_word' id='word_1_307' title='bbox 1311 3710 1478 3791; x_wconf 90' lang='lat' dir='ltr'><strong>municipiis</strong></span> <span class='ocrx_word' id='word_1_308' title='bbox 1492 3710 1572 3773; x_wconf 91' lang='lat' dir='ltr'><strong>sedi-</strong></span> 
     </span>
     <span class='ocr_line' id='line_1_33' title="bbox 324 3810 1572 3894; baseline 0.001 -22"><span class='ocrx_word' id='word_1_309' title='bbox 324 3810 406 3876; x_wconf 88' lang='lat' dir='ltr'><strong>tione</strong></span> <span class='ocrx_word' id='word_1_310' title='bbox 437 3811 501 3874; x_wconf 89' lang='lat' dir='ltr'><strong>sine</strong></span> <span class='ocrx_word' id='word_1_311' title='bbox 532 3811 692 3891; x_wconf 89' lang='lat' dir='ltr'><strong>improuiso</strong></span> <span class='ocrx_word' id='word_1_312' title='bbox 724 3830 898 3894; x_wconf 90' lang='lat' dir='ltr'><strong>quoeunque</strong></span> <span class='ocrx_word' id='word_1_313' title='bbox 931 3831 1002 3874; x_wconf 88' lang='lat' dir='ltr'><strong>casn</strong></span> <span class='ocrx_word' id='word_1_314' title='bbox 1034 3813 1228 3886; x_wconf 90' lang='lat' dir='ltr'><strong>accidissent,</strong></span> <span class='ocrx_word' id='word_1_315' title='bbox 1261 3829 1363 3892; x_wconf 85' lang='lat' dir='ltr'><strong>quaeue</strong></span> <span class='ocrx_word' id='word_1_316' title='bbox 1383 3811 1515 3892; x_wconf 72' lang='lat' dir='ltr'><strong>praefecti</strong></span> <span class='ocrx_word' id='word_1_317' title='bbox 1536 3829 1572 3874; x_wconf 87' lang='lat' dir='ltr'><strong>ac</strong></span> 
     </span>
     <span class='ocr_line' id='line_1_34' title="bbox 325 3911 1573 3995; baseline -0.002 -21"><span class='ocrx_word' id='word_1_318' title='bbox 325 3912 416 3974; x_wconf 90' lang='lat' dir='ltr'><strong>ceteri</strong></span> <span class='ocrx_word' id='word_1_319' title='bbox 437 3911 579 3992; x_wconf 85' lang='lat' dir='ltr'><strong>praesides</strong></span> <span class='ocrx_word' id='word_1_320' title='bbox 600 3932 652 3993; x_wconf 89' lang='lat' dir='ltr'><strong>per</strong></span> <span class='ocrx_word' id='word_1_321' title='bbox 675 3913 844 3976; x_wconf 90' lang='lat' dir='ltr'><strong>Romanam</strong></span> <span class='ocrx_word' id='word_1_322' title='bbox 865 3912 1007 3976; x_wconf 86' lang='lat' dir='ltr'><strong>ditionem</strong></span> <span class='ocrx_word' id='word_1_323' title='bbox 1031 3915 1181 3995; x_wconf 87' lang='lat' dir='ltr'><strong>agitarent</strong></span> <span class='ocrx_word' id='word_1_324' title='bbox 1196 3921 1284 3994; x_wconf 90' lang='lat' dir='ltr'><strong>utque</strong></span> <span class='ocrx_word' id='word_1_325' title='bbox 1301 3931 1403 3973; x_wconf 89' lang='lat' dir='ltr'><strong>annua</strong></span> <span class='ocrx_word' id='word_1_326' title='bbox 1416 3911 1573 3992; x_wconf 88' lang='lat' dir='ltr'><strong>uectigalia</strong></span> 
     </span>
     <span class='ocr_line' id='line_1_35' title="bbox 326 4013 1572 4098; baseline -0.002 -22"><span class='ocrx_word' id='word_1_327' title='bbox 326 4013 540 4094; x_wconf 87' lang='lat' dir='ltr'><strong>comportanda</strong></span> <span class='ocrx_word' id='word_1_328' title='bbox 559 4013 623 4076; x_wconf 88' lang='lat' dir='ltr'><strong>sine</strong></span> <span class='ocrx_word' id='word_1_329' title='bbox 644 4032 728 4076; x_wconf 87' lang='lat' dir='ltr'><strong>more.</strong></span> <span class='ocrx_word' id='word_1_330' title='bbox 749 4014 779 4076; x_wconf 92' lang='lat' dir='ltr'><strong>in</strong></span> <span class='ocrx_word' id='word_1_331' title='bbox 802 4022 868 4078; x_wconf 87' lang='lat' dir='ltr'><strong>tuto</strong></span> <span class='ocrx_word' id='word_1_332' title='bbox 891 4023 992 4077; x_wconf 89' lang='lat' dir='ltr'><strong>essent</strong></span> <span class='ocrx_word' id='word_1_333' title='bbox 1011 4015 1160 4098; x_wconf 89' lang='lat' dir='ltr'><strong>publicum</strong></span> <span class='ocrx_word' id='word_1_334' title='bbox 1183 4016 1331 4095; x_wconf 90' lang='lat' dir='ltr'><strong>citumque</strong></span> <span class='ocrx_word' id='word_1_335' title='bbox 1359 4032 1475 4076; x_wconf 88' lang='lat' dir='ltr'><strong>cursum</strong></span> <span class='ocrx_word' id='word_1_336' title='bbox 1504 4013 1572 4074; x_wconf 91' lang='lat' dir='ltr'><strong>ubi·</strong></span> 
     </span>
     <span class='ocr_line' id='line_1_36' title="bbox 325 4113 1572 4198; baseline -0.001 -23"><span class='ocrx_word' id='word_1_337' title='bbox 325 4133 382 4195; x_wconf 90' lang='lat' dir='ltr'><strong>que</strong></span> <span class='ocrx_word' id='word_1_338' title='bbox 403 4113 460 4176; x_wconf 89' lang='lat' dir='ltr'><strong>hoc</strong></span> <span class='ocrx_word' id='word_1_339' title='bbox 481 4113 568 4176; x_wconf 92' lang='lat' dir='ltr'><strong>modo</strong></span> <span class='ocrx_word' id='word_1_340' title='bbox 589 4113 793 4178; x_wconf 86' lang='lat' dir='ltr'><strong>instituerunt</strong></span> <span class='ocrx_word' id='word_1_341' title='bbox 834 4115 866 4179; x_wconf 91' lang='lat' dir='ltr'><strong>in</strong></span> <span class='ocrx_word' id='word_1_342' title='bbox 881 4115 943 4191; x_wconf 89' lang='lat' dir='ltr'><strong>uia,</strong></span> <span class='ocrx_word' id='word_1_343' title='bbox 965 4136 1053 4198; x_wconf 88' lang='lat' dir='ltr'><strong>quam</strong></span> <span class='ocrx_word' id='word_1_344' title='bbox 1068 4118 1173 4181; x_wconf 90' lang='lat' dir='ltr'><strong>diurno</strong></span> <span class='ocrx_word' id='word_1_345' title='bbox 1187 4116 1293 4179; x_wconf 88' lang='lat' dir='ltr'><strong>itinere</strong></span> <span class='ocrx_word' id='word_1_346' title='bbox 1307 4115 1404 4178; x_wconf 87' lang='lat' dir='ltr'><strong>uiator</strong></span> <span class='ocrx_word' id='word_1_347' title='bbox 1417 4113 1572 4195; x_wconf 89' lang='lat' dir='ltr'><strong>expeditus</strong></span> 
     </span>
     <span class='ocr_line' id='line_1_37' title="bbox 326 4213 1573 4300; baseline -0.002 -23"><span class='ocrx_word' id='word_1_348' title='bbox 326 4213 445 4278; x_wconf 90' lang='lat' dir='ltr'><strong>conficit</strong></span> <span class='ocrx_word' id='word_1_349' title='bbox 466 4223 572 4278; x_wconf 87' lang='lat' dir='ltr'><strong>octona</strong></span> <span class='ocrx_word' id='word_1_350' title='bbox 593 4215 728 4291; x_wconf 82' lang='lat' dir='ltr'><strong>stabula,</strong></span> <span class='ocrx_word' id='word_1_351' title='bbox 750 4215 859 4280; x_wconf 89' lang='lat' dir='ltr'><strong>alicubi</strong></span> <span class='ocrx_word' id='word_1_352' title='bbox 880 4217 1036 4299; x_wconf 88' lang='lat' dir='ltr'><strong>pauciora,</strong></span> <span class='ocrx_word' id='word_1_353' title='bbox 1058 4219 1135 4282; x_wconf 87' lang='lat' dir='ltr'><strong>infra</strong></span> <span class='ocrx_word' id='word_1_354' title='bbox 1156 4218 1283 4300; x_wconf 89' lang='lat' dir='ltr'><strong>quinque</strong></span> <span class='ocrx_word' id='word_1_355' title='bbox 1305 4234 1449 4296; x_wconf 86' lang='lat' dir='ltr'><strong>nusquam</strong></span> <span class='ocrx_word' id='word_1_356' title='bbox 1464 4231 1573 4296; x_wconf 87' lang='lat' dir='ltr'><strong>posue-</strong></span> 
     </span>
     <span class='ocr_line' id='line_1_38' title="bbox 326 4315 1572 4401; baseline -0.002 -23"><span class='ocrx_word' id='word_1_357' title='bbox 326 4323 406 4378; x_wconf 90' lang='lat' dir='ltr'><strong>runt.</strong></span> <span class='ocrx_word' id='word_1_358' title='bbox 449 4315 479 4377; x_wconf 93' lang='lat' dir='ltr'><strong>in</strong></span> <span class='ocrx_word' id='word_1_359' title='bbox 494 4315 618 4398; x_wconf 89' lang='lat' dir='ltr'><strong>singulis</strong></span> <span class='ocrx_word' id='word_1_360' title='bbox 640 4316 767 4380; x_wconf 87' lang='lat' dir='ltr'><strong>stabulis</strong></span> <span class='ocrx_word' id='word_1_361' title='bbox 788 4318 854 4399; x_wconf 89' lang='lat' dir='ltr'><strong>equi</strong></span> <span class='ocrx_word' id='word_1_362' title='bbox 875 4318 1011 4398; x_wconf 89' lang='lat' dir='ltr'><strong>dispositi</strong></span> <span class='ocrx_word' id='word_1_363' title='bbox 1033 4321 1092 4382; x_wconf 87' lang='lat' dir='ltr'><strong>fere</strong></span> <span class='ocrx_word' id='word_1_364' title='bbox 1116 4317 1315 4401; x_wconf 87' lang='lat' dir='ltr'><strong>quadraginta</strong></span> <span class='ocrx_word' id='word_1_365' title='bbox 1328 4323 1360 4378; x_wconf 90' lang='lat' dir='ltr'><strong>et</strong></span> <span class='ocrx_word' id='word_1_366' title='bbox 1372 4317 1411 4378; x_wconf 92' lang='lat' dir='ltr'><strong>ad</strong></span> <span class='ocrx_word' id='word_1_367' title='bbox 1432 4333 1572 4397; x_wconf 90' lang='lat' dir='ltr'><strong>equorum</strong></span> 
     </span>
     <span class='ocr_line' id='line_1_39' title="bbox 327 4416 1573 4501; baseline 0 -23"><span class='ocrx_word' id='word_1_368' title='bbox 327 4435 479 4479; x_wconf 89' lang='lat' dir='ltr'><strong>numerum</strong></span> <span class='ocrx_word' id='word_1_369' title='bbox 512 4436 650 4481; x_wconf 88' lang='lat' dir='ltr'><strong>numerus</strong></span> <span class='ocrx_word' id='word_1_370' title='bbox 670 4416 794 4480; x_wconf 89' lang='lat' dir='ltr'><strong>idoneus</strong></span> <span class='ocrx_word' id='word_1_371' title='bbox 819 4417 1058 4482; x_wconf 88' lang='lat' dir='ltr'><strong>stabulariorum.</strong></span> <span class='ocrx_word' id='word_1_372' title='bbox 1100 4439 1166 4500; x_wconf 88' lang='lat' dir='ltr'><strong>ergo</strong></span> <span class='ocrx_word' id='word_1_373' title='bbox 1195 4437 1318 4501; x_wconf 85' lang='lat' dir='ltr'><strong>quorum</strong></span> <span class='ocrx_word' id='word_1_374' title='bbox 1347 4416 1494 4498; x_wconf 88' lang='lat' dir='ltr'><strong>negotium</strong></span> <span class='ocrx_word' id='word_1_375' title='bbox 1516 4416 1573 4478; x_wconf 89' lang='lat' dir='ltr'><strong>hoc</strong></span> 
     </span>
     <span class='ocr_line' id='line_1_40' title="bbox 327 4517 1573 4599; baseline 0.002 -21"><span class='ocrx_word' id='word_1_376' title='bbox 327 4523 374 4578; x_wconf 86' lang='lat' dir='ltr'><strong>est</strong></span> <span class='ocrx_word' id='word_1_377' title='bbox 405 4517 488 4598; x_wconf 90' lang='lat' dir='ltr'><strong>equis</strong></span> <span class='ocrx_word' id='word_1_378' title='bbox 519 4537 608 4599; x_wconf 90' lang='lat' dir='ltr'><strong>quam</strong></span> <span class='ocrx_word' id='word_1_379' title='bbox 639 4518 892 4582; x_wconf 81' lang='lat' dir='ltr'><strong>exercitatissimis</strong></span> <span class='ocrx_word' id='word_1_380' title='bbox 923 4519 990 4582; x_wconf 87' lang='lat' dir='ltr'><strong>aliis</strong></span> <span class='ocrx_word' id='word_1_381' title='bbox 1017 4519 1134 4582; x_wconf 87' lang='lat' dir='ltr'><strong>aliunde</strong></span> <span class='ocrx_word' id='word_1_382' title='bbox 1154 4518 1395 4592; x_wconf 89' lang='lat' dir='ltr'><strong>succedentibus,</strong></span> <span class='ocrx_word' id='word_1_383' title='bbox 1422 4517 1573 4581; x_wconf 89' lang='lat' dir='ltr'><strong>uehuntur</strong></span> 
     </span>
     <span class='ocr_line' id='line_1_41' title="bbox 329 4617 1574 4700; baseline 0.002 -22"><span class='ocrx_word' id='word_1_384' title='bbox 329 4635 472 4698; x_wconf 88' lang='lat' dir='ltr'><strong>cursuque</strong></span> <span class='ocrx_word' id='word_1_385' title='bbox 494 4617 599 4682; x_wconf 90' lang='lat' dir='ltr'><strong>diurno</strong></span> <span class='ocrx_word' id='word_1_386' title='bbox 620 4619 721 4683; x_wconf 90' lang='lat' dir='ltr'><strong>decem</strong></span> <span class='ocrx_word' id='word_1_387' title='bbox 743 4638 953 4700; x_wconf 88' lang='lat' dir='ltr'><strong>nonuunquam</strong></span> <span class='ocrx_word' id='word_1_388' title='bbox 974 4619 1086 4684; x_wconf 89' lang='lat' dir='ltr'><strong>diemm</strong></span> <span class='ocrx_word' id='word_1_389' title='bbox 1108 4621 1166 4683; x_wconf 91' lang='lat' dir='ltr'><strong>iter</strong></span> <span class='ocrx_word' id='word_1_390' title='bbox 1192 4619 1352 4684; x_wconf 89' lang='lat' dir='ltr'><strong>conficiunt</strong></span> <span class='ocrx_word' id='word_1_391' title='bbox 1377 4619 1416 4682; x_wconf 88' lang='lat' dir='ltr'><strong>ad</strong></span> <span class='ocrx_word' id='word_1_392' title='bbox 1440 4637 1504 4700; x_wconf 83' lang='lat' dir='ltr'><strong>quae</strong></span> <span class='ocrx_word' id='word_1_393' title='bbox 1525 4618 1574 4682; x_wconf 92' lang='lat' dir='ltr'><strong>di·</strong></span> 
     </span>
     <span class='ocr_line' id='line_1_42' title="bbox 329 4715 1573 4804; baseline 0.004 -25"><span class='ocrx_word' id='word_1_394' title='bbox 329 4715 427 4780; x_wconf 87' lang='lat' dir='ltr'><strong>ximus</strong></span> <span class='ocrx_word' id='word_1_395' title='bbox 458 4719 634 4800; x_wconf 87' lang='lat' dir='ltr'><strong>peragenda.</strong></span> <span class='ocrx_word' id='word_1_396' title='bbox 677 4720 748 4786; x_wconf 90' lang='lat' dir='ltr'><strong>binc</strong></span> <span class='ocrx_word' id='word_1_397' title='bbox 772 4739 907 4804; x_wconf 88' lang='lat' dir='ltr'><strong>egromm</strong></span> <span class='ocrx_word' id='word_1_398' title='bbox 935 4721 1066 4785; x_wconf 88' lang='lat' dir='ltr'><strong>omnium</strong></span> <span class='ocrx_word' id='word_1_399' title='bbox 1092 4721 1182 4786; x_wconf 75' lang='lat' dir='ltr'><strong>enam</strong></span> <span class='ocrx_word' id='word_1_400' title='bbox 1202 4721 1483 4785; x_wconf 89' lang='lat' dir='ltr'><strong>mediterraneomnr</strong></span> <span class='ocrx_word' id='word_1_401' title='bbox 1506 4738 1573 4783; x_wconf 87' lang='lat' dir='ltr'><strong>anr-</strong></span> 
     </span>
    </p>
   </div>
   <div class='ocr_carea' id='block_1_4' title="bbox 0 0 1812 5552">
    <p class='ocr_par' dir='ltr' id='par_1_7' title="bbox 0 0 1812 5552">
     <span class='ocr_line' id='line_1_43' title="bbox 0 0 1812 5552; baseline 0 0"><span class='ocrx_word' id='word_1_402' title='bbox 0 0 1812 5552; x_wconf 95' lang='lat' dir='ltr'><strong> </strong></span> 
     </span>
    </p>
   </div>
  </div>
 </body>
</html>
