3602 5552
656 434 794 505 Spartisni
816 434 874 490 vita
896 435 1036 491 Hadriani.
1432 439 1469 494 lb

242 600 309 674 sibi
340 601 434 672 idem
467 597 560 696 quod
594 597 795 671 Domitiano
821 599 946 671 accidit
971 600 1135 672 eueniret.
1186 613 1221 671 et
1247 624 1327 671 cum
1352 597 1509 670 titulos4

241 704 277 774 in
304 700 466 798 operibns
498 725 567 772 non
596 713 742 781 amaret,
768 699 895 771 multas
922 701 1079 773 ciuitates
1105 699 1382 798 Hadrianopoles
1408 723 1471 796 ap-

240 803 398 900 pellauit,
429 814 469 874 ιιι
500 801 612 898 ipsam
643 799 897 898 Karthaginem
931 815 966 874 et
991 802 1209 876 Athenarum
1235 815 1380 900 partem.
1432 809 1507 872 a-tr

241 930 388 1002 quarum
427 904 552 975 ductus
588 904 693 975 etiam
719 902 871 975 infinitos
897 903 963 975 boc
988 904 1126 977 nomine
1152 903 1374 1001 nuncupauit.
1427 903 1507 983 fi-6

207 1005 530 1092 assaturam
561 1005 694 1102 primus
726 1003 885 1076 instituit.
937 1004 1004 1076 fuit
1028 1005 1393 1102 senosanam
1418 1004 1508 1076 fat-7

200 1145 209 1168 .
242 1106 378 1179 cultatis
416 1106 583 1178 inmensae
630 1131 711 1177 nam
736 1105 811 1202 ipse
837 1118 872 1178 et
898 1105 1067 1179 orationes
1093 1107 1238 1180 dictauit
1263 1120 1299 1178 et
1323 1107 1367 1178 ad
1394 1130 1470 1177 om-

241 1209 298 1280 nia
334 1206 521 1304 respondit.
573 1207 648 1278 ioca
685 1207 759 1279 eius
795 1206 945 1304 plurima
980 1221 1109 1280 extant.
1159 1234 1240 1280 nam
1274 1207 1340 1279 luit
1365 1206 1507 1278 etiam8

241 1309 425 1382 dicaculus.
477 1308 569 1380 unde
605 1308 692 1380 illud
727 1333 866 1405 quoque
901 1309 1066 1390 innotuit,
1103 1310 1197 1405 quod
1228 1334 1308 1382 oum
1334 1307 1471 1381 cuidam

242 1409 435 1484 canescenti
468 1410 635 1507 quiddam
661 1424 835 1506 negasset,
861 1409 976 1481 eidem
1001 1410 1128 1482 iterum
1153 1410 1300 1507 petenti,
1327 1410 1389 1482 sed
1414 1409 1469 1482 in-

192 1542 225 1596 10
243 1514 333 1586 fecto
369 1511 498 1608 capite,
530 1511 710 1608 respondit
740 1509 820 1582 'iam
845 1510 912 1582 hoc
937 1512 1027 1607 patri
1052 1525 1112 1584 tuo
1138 1509 1281 1608 negaui?
1332 1510 1508 1584 nomina9

241 1613 400 1712 plurimis
432 1613 507 1686 sine
538 1613 794 1684 nomenclatore
821 1613 987 1694 reddidit,
1013 1637 1093 1710 quae
1118 1613 1226 1684 semel
1253 1625 1288 1684 et
1313 1625 1474 1709 congesta

241 1715 344 1788 simul
369 1715 558 1795 audiuerat,
584 1727 623 1785 nt
648 1713 920 1786 nomenclatores
946 1714 1074 1811 saepius
1100 1727 1252 1786 errantes
1269 1714 1470 1786 emendarit.

242 1815 330 1889 dixit
366 1828 401 1888 et
430 1827 672 1888 ueteranorum
698 1816 837 1888 nomina
863 1841 950 1913 quos
977 1816 1161 1913 aliquando
1188 1815 1375 1888 dimiserat.
1427 1815 1532 1887 li-10

239 1918 319 1990 bros
355 1919 474 1991 statim
509 1916 632 1998 lectos,
669 1929 704 1988 et
736 1917 870 2014 ignotos
902 1917 1060 2012 quidem,
1087 1917 1246 2014 plurimis
1272 1917 1471 1990 memoriter

191 2053 223 2105 15
241 2019 402 2092 reddidit.
445 2045 515 2091 uno
546 2032 703 2116 tempore
734 2019 887 2117 scripsit,
920 2019 1078 2101 dictauit,
1105 2018 1239 2090 audiuit
1264 2032 1300 2091 et
1325 2044 1404 2090 cum
1431 2044 1469 2091 a·
1485 2023 1529 2088 11

239 2121 338 2194 micis
364 2119 538 2193 fabulatus
564 2133 618 2192 est
645 2118 693 2218 [si
718 2133 834 2216 potest
859 2117 982 2219 credi}
1038 2145 1158 2192 omnes
1186 2119 1341 2216 publicas
1366 2120 1471 2193 ratio·

239 2248 300 2295 nes
326 2222 375 2295 ita
400 2223 601 2319 complexus
626 2235 689 2303 est,
715 2235 754 2293 ut
780 2222 924 2295 domum
946 2221 1118 2318 priuatam
1135 2221 1250 2320 quiuis
1268 2221 1468 2318 paterfami-

242 2323 306 2396 lias
333 2323 479 2419 diligens
506 2349 576 2397 non
602 2336 697 2395 satus
723 2322 824 2395 norit.
877 2349 984 2420 equos
1011 2337 1047 2396 et
1072 2349 1174 2396 canes
1200 2323 1250 2396 sic
1275 2322 1407 2395 amauit
1431 2337 1471 2396 nt
1487 2331 1534 2397 12

240 2425 290 2498 eis
316 2425 498 2522 sepulchra
524 2425 757 2497 constitueret.
801 2426 970 2523 oppidum
996 2423 1294 2497 Hadrianotheras
1320 2424 1356 2495 in
1381 2449 1468 2521 quo·
1485 2431 1531 2498 13

190 2555 224 2606 20
241 2528 323 2598 dam
348 2527 433 2608 loce,
459 2527 553 2623 quod
578 2525 649 2596 illic
674 2541 710 2598 et
735 2526 880 2599 feliciter
905 2538 996 2599 esset
1021 2539 1168 2599 uenatus
1193 2538 1228 2598 et
1245 2551 1361 2597 ursam
1379 2527 1470 2597 occi-

240 2627 348 2701 disset
372 2627 572 2724 aliquando,
598 2627 786 2699 constituit.

338 2729 382 2801 de
407 2727 578 2801 iudicibus
605 2728 765 2800 omnibus
792 2753 930 2824 semper
955 2740 1077 2800 cuncta
1104 2725 1287 2799 scrutando
1313 2737 1385 2796 tam
1412 2725 1472 2797 diu
1484 2727 1521 2805 21

240 2829 430 2925 requisiuit,
456 2855 562 2925 quam
588 2828 649 2900 diu
674 2855 796 2901 uerum
822 2829 1003 2901 inueniret.
1045 2829 1188 2902 libertos
1214 2851 1294 2898 suos
1311 2850 1374 2898 nec
1391 2827 1507 2901 seiri2

240 2930 351 3002 uoluit
376 2930 413 3002 in
438 2928 577 3026 publico
602 2955 666 3001 neo
691 2930 823 3025 aliquid
848 2931 942 3026 apud
968 2955 1005 3002 se
1031 2955 1142 3027 posse,
1165 2928 1258 3000 dicto
1276 2952 1339 2999 suo
1357 2928 1470 3001 omni·

189 3057 224 3112 ιι
241 3030 305 3102 bus
332 3030 566 3128 superioribus
592 3030 805 3127 principibus
831 3031 916 3103 uitia
942 3031 1117 3127 imputans
1139 3031 1351 3111 libertorum,
1369 3031 1469 3102 dam-

239 3131 329 3203 natis
360 3132 520 3204 omnibus
546 3130 678 3203 libertis
704 3132 787 3213 suis,
813 3132 1022 3230 quicumque
1048 3157 1085 3204 se
1111 3133 1155 3204 de
1181 3156 1222 3204 eo
1248 3131 1468 3205 iaotauerant.

240 3234 331 3305 unde
357 3246 452 3305 extat
477 3232 583 3304 etiam
608 3232 695 3304 illud
720 3257 839 3306 seuere
866 3233 1007 3330 quidem
1033 3233 1095 3305 sed
1120 3258 1227 3330 prope
1252 3233 1401 3306 ioculare
1426 3235 1506 3308 de3

240 3335 359 3408 seruis.
404 3360 485 3407 nam
511 3359 591 3407 cum
615 3335 767 3431 quodam
794 3347 950 3431 tempore
976 3361 1114 3407 seruum
1140 3361 1243 3408 snum
1267 3335 1358 3408 inter
1383 3337 1470 3410 duos

241 3449 414 3509 senatores
450 3462 470 3508 e
506 3448 693 3534 conspectu
718 3436 896 3509 ambulare
923 3437 1084 3518 uidisset,
1111 3436 1207 3508 misit
1233 3437 1294 3533 qui
1319 3435 1351 3508 ei
1376 3438 1468 3510 cola-

190 3538 352 3636 sophum
384 3538 482 3610 daret
508 3537 706 3634 diceretque
733 3537 789 3609 cui
814 3536 894 3611 'noli
919 3539 1009 3611 inter
1034 3563 1094 3610 eos
1120 3537 1297 3610 ambulare
1324 3563 1471 3634 quorum

240 3665 316 3712 esse
336 3639 450 3712 adhuc
474 3653 574 3735 potes
600 3637 743 3711 seruus'
786 3638 876 3712 inter
908 3639 1004 3713 eibos
1029 3639 1129 3713 unice
1154 3639 1286 3711 amauit
1310 3640 1509 3713 tetrafar-al
1536 3655 1541 3683 ³

243 3765 381 3812 manum
407 3741 501 3838 quod
537 3754 610 3813 erat
646 3742 689 3813 de
727 3741 873 3823 fasiano,
910 3741 1060 3821 sumine,
1087 3766 1194 3839 perna
1220 3754 1256 3813 et
1280 3741 1441 3814 crustulo.

340 3842 479 3914 fuerunt
504 3841 577 3913 eins
603 3840 817 3938 temporibus
843 3843 963 3924 fames,
988 3841 1193 3940 pestilentia,
1219 3855 1321 3932 terrae
1343 3852 1505 3941 motusb

241 3969 320 4044 quae
346 3942 473 4023 omnia,
499 3954 667 4039 quantum
694 3940 816 4038 potuit,
842 3943 1040 4037 procurauit
1065 3943 1253 4040 multisque
1271 3941 1469 4016 ciuitatibus

191 4077 225 4129 35
241 4045 388 4120 uastatis
414 4069 476 4140 per
501 4043 567 4115 ista
593 4042 764 4115 subuenit.
801 4042 867 4114 fuit
892 4043 999 4116 etiam
1025 4045 1160 4118 Tiberis
1185 4045 1372 4117 inundatio.
1399 4042 1505 4118 Lac

241 4149 331 4222 tium
355 4144 475 4216 multis
500 4143 699 4216 ciuitatibus
724 4144 832 4218 dedit.
884 4145 1014 4235 tributa
1039 4147 1158 4219 multis
1184 4145 1326 4218 remisit.
1361 4150 1505 4243 expe-7

243 4251 390 4323 ditiones
427 4245 491 4319 sub
528 4270 569 4319 eo
607 4270 729 4343 graues
755 4245 860 4318 nullae
885 4245 1034 4320 fuerunt.
1086 4247 1177 4320 bella
1202 4246 1307 4318 etiam
1333 4245 1504 4322 silentio8

243 4375 343 4449 paene
374 4359 554 4421 transacta.
598 4371 619 4418 a
650 4346 818 4420 militibus
849 4361 990 4445 propter
1021 4374 1138 4422 curam
1168 4347 1337 4419 exercitus
1362 4348 1504 4424 nimie9

244 4453 394 4524 multum
426 4461 561 4521 amatus
600 4461 668 4530 est,
706 4448 810 4521 simul
842 4450 935 4544 quod
960 4449 997 4522 in
1023 4476 1082 4523 eos
1107 4447 1367 4522 liberalissimus
1393 4451 1468 4524 luit

197 4577 231 4630 40
247 4551 397 4650 Partlros
423 4551 459 4624 in
485 4549 636 4622 amicitia
662 4575 799 4649 semper
824 4548 960 4632 habuit,
992 4552 1086 4646 qnod
1111 4549 1193 4621 inde
1217 4574 1334 4647 regem
1359 4559 1530 4626 retra-10

245 4654 297 4728 xit
321 4679 425 4752 quem
451 4650 619 4726 Traianus
643 4649 850 4750 inposuerat.
897 4650 1073 4759 Armeniis
1097 4651 1366 4758 regemuhabere
1390 4661 1530 4753 per-11
