3602 5552
682 544 819 616 Spartiani
840 546 897 601 vita
919 545 1058 602 Hadriani.
1458 539 1497 594 39

251 717 329 799 plius
361 735 449 798 quarn
481 714 520 776 ad
542 713 706 777 nouissima
726 716 948 780 Antoninorum
969 725 1105 798 tempora
1125 713 1322 778 inueniamus.
1364 713 1423 774 hac
1443 713 1500 794 igi-

251 826 301 880 tur
332 824 423 878 aetate
455 814 567 896 aliquid
599 815 787 880 immutatum
820 839 883 880 esse
917 827 1053 898 apparet.
1096 816 1174 897 quod
1207 814 1297 897 quale
1319 822 1400 874 esset
1426 813 1498 875 nihil

252 918 400 998 cognitum
422 916 615 990 haberemus,
637 916 694 979 nisi
718 917 812 980 lucem
846 920 969 982 afferret
988 917 1169 998 Spartianus
1196 917 1243 978 ita
1264 915 1366 976 dicens
1386 914 1417 975 in
1442 914 1500 976 Se-

251 1038 312 1080 uer.
334 1039 358 1080 c.
381 1019 409 1080 3.
425 1025 542 1101 praetor·
563 1015 725 1102 (Seuerus)
747 1018 920 1101 deciperetur
941 1029 983 1081 eet
1003 1039 1063 1080 aon
1084 1019 1117 1080 in
1134 1015 1283 1092 candida,
1305 1014 1358 1078 sed
1371 1013 1404 1076 ia
1418 1035 1499 1077 com-

248 1120 408 1204 petitorum
426 1138 523 1203 φερε.
566 1117 631 1180 haeo
652 1118 728 1180 enim
750 1121 843 1182 uerba
863 1120 896 1182 ia
917 1119 1048 1182 condida
1070 1137 1143 1192 non,
1164 1127 1200 1180 ut
1221 1125 1310 1198 putat
1331 1116 1462 1177 Dirlrsen
1479 1117 1498 1178 Ι.

252 1220 281 1282 1.·
303 1239 332 1300 p.
365 1219 414 1295 53,
442 1219 567 1280 eandem
599 1218 659 1281 uim
681 1219 809 1296 babent,
831 1228 920 1302 atque
940 1221 971 1282 id
993 1220 1071 1302 quod
1092 1218 1294 1299 superioribus
1315 1216 1498 1297 temporibus

251 1329 317 1382 erat
347 1319 540 1393 candidatae,
572 1318 626 1380 sed
659 1320 697 1382 ad
729 1328 844 1382 uestem
877 1323 1053 1384 referuntur.
1097 1327 1219 1382 constat
1246 1318 1334 1398 igitur
1354 1325 1426 1379 tuno
1448 1335 1498 1379 eos

250 1420 346 1483 solum
378 1421 520 1483 honorum
553 1419 711 1500 petitores,
750 1420 800 1502 qui
838 1423 876 1483 ab
904 1421 1133 1502 imperatoribus
1167 1417 1367 1482 commendati
1399 1426 1500 1491 erant,

252 1521 379 1583 candida
410 1539 479 1582 usos
507 1539 589 1594 esse,
610 1521 690 1601 qnod
711 1520 827 1602 insigne
849 1521 940 1585 etiam
961 1523 991 1584 in
1013 1521 1192 1600 magistratu
1215 1539 1265 1582 eos
1287 1518 1442 1580 retinuisse
1465 1535 1500 1580 eo

251 1621 314 1683 ueri
344 1621 440 1684 simile
471 1621 521 1696 fit,
552 1622 630 1701 quod
664 1621 776 1684 omissa
806 1641 881 1684 uoce
903 1622 1059 1704 quaestoris
1081 1620 1234 1702 leianus
1257 1620 1275 1682 l.
1297 1619 1372 1700 sing.
1393 1618 1429 1680 de
1452 1619 1501 1680 off.

251 1730 359 1804 quaest.
380 1722 427 1785 tit.
449 1742 498 1784 un.
520 1722 558 1784 D.
580 1721 617 1783 de
638 1723 687 1784 off.
709 1724 729 1784 2
750 1723 926 1786 candidatos
945 1721 1096 1806 principis
1117 1741 1169 1783 eos
1190 1729 1290 1784 uocat.
1312 1721 1499 1782 horumnero

250 1830 330 1885 teste
360 1823 463 1885 eodem
484 1822 515 1884 id
536 1841 642 1884 munus
664 1831 746 1897 erat,
767 1833 800 1886 ut
821 1824 963 1904 principis
984 1823 1051 1886 uice
1075 1822 1211 1884 dicerent
1231 1821 1280 1884 uel
1301 1820 1394 1882 libros
1415 1821 1499 1902 prin-

252 1923 363 2004 cipales
389 1923 419 1985 in
443 1932 550 1985 senatu
572 1924 714 2004 legerent.
755 1924 856 2006 plures
878 1925 970 1987 luisse
992 1925 1131 1986 uidentur
1152 1931 1183 1984 et
1205 1923 1333 1985 domasse
1356 1921 1498 2002 originem

251 2031 408 2086 traxemnt
428 2043 466 2086 ex
487 2023 684 2106 quaestoribus
706 2025 836 2088 consulis
857 2025 906 2088 uel
928 2025 1062 2088 urbanis.

333 2124 392 2186 iam
414 2143 484 2186 uero
506 2126 583 2207 quod
605 2125 749 2207 reliquum
772 2135 833 2203 est,
856 2134 889 2188 ιιι
910 2126 1044 2189 dicamus
1066 2125 1103 2186 de
1126 2122 1324 2206 quaestoribus
1346 2123 1499 2204 prouinci-

252 2243 349 2300 arum,
372 2226 418 2287 uel
432 2234 466 2287 nt
487 2226 718 2288 nominabantur
737 2236 802 2288 tum
824 2247 913 2309 quum
935 2227 1072 2308 praesidis
1093 2225 1159 2287 nice
1181 2225 1324 2305 agebant,
1346 2225 1500 2307 qnaestori·

253 2326 308 2389 bns
340 2345 392 2407 pro
424 2333 553 2408 praetore
585 2324 654 2412 (eir.
688 2327 751 2390 (lic.
780 2329 817 2390 ad
843 2329 915 2391 iam.
942 2329 974 2390 Π
1004 2328 1050 2390 15.
1083 2326 1122 2387 ad
1144 2325 1241 2389 Attio.
1263 2326 1310 2388 VI
1336 2324 1380 2409 6),
1400 2345 1500 2406 pauca

253 2427 340 2488 modo
371 2427 408 2490 de
439 2427 543 2490 borum
575 2427 691 2489 ratione
714 2435 831 2490 mutata
852 2429 1000 2491 uidentur.
1044 2445 1250 2507 nonnusquam
1271 2426 1362 2506 igitur
1382 2445 1436 2507 pro
1463 2427 1499 2488 iis

257 2527 408 2610 quartarii
437 2528 519 2590 missi
551 2537 622 2590 sunt
652 2528 681 2590 in
702 2529 871 2609 prouincias
893 2529 967 2613 (Dic
989 2528 1075 2592 Cass.
1096 2528 1176 2589 VIII
1204 2523 1259 2610 14)
1282 2535 1313 2588 et
1333 2527 1447 2609 quidem
1471 2527 1500 2588 in

257 2647 309 2689 eas
331 2628 381 2710 qui
401 2629 502 2710 populi
523 2629 718 2691 uocabantur.
761 2629 993 2692 iurisdictionem
1016 2648 1067 2690 eos
1087 2628 1118 2688 in
1140 2626 1289 2707 prouincia
1310 2627 1413 2708 populi
1434 2628 1499 2690 Ro-

257 2729 337 2791 mani
368 2729 509 2790 habuisse
541 2729 664 2791 eandem
692 2748 757 2811 quae
789 2731 892 2792 Romae
925 2729 1054 2792 aedilium
1088 2727 1231 2790 curulium
1265 2734 1345 2801 erat,
1368 2726 1500 2790 GaiusI

257 2829 272 2910 §
293 2828 313 2889 6
335 2848 388 2890 nos
410 2829 551 2891 certiores
574 2830 657 2891 facit.
679 2830 871 2892 inueniuntur
890 2831 921 2892 in
933 2830 1028 2892 titulis
1041 2838 1121 2892 certe
1135 2828 1173 2890 ad
1185 2835 1321 2907 tempora
1332 2827 1501 2890 Gordiano-

257 2947 322 2990 rum
354 2927 438 3013 (uide
459 2929 552 2992 Orelli
573 2927 663 2991 3668.
707 2931 829 2992 Henzen
851 2930 942 2993 6048.
986 2929 1079 2992 Orelli
1101 2925 1207 3011 3193).
1251 2947 1430 3010 quamquam
1452 2929 1499 2990 ni-

257 3029 299 3090 hil
326 3029 443 3109 quidem
468 3029 621 3110 prohibet,
643 3029 722 3111 quin
731 3049 829 3112 usque
851 3032 889 3092 ad
911 3031 1149 3103 Diocletianum,
1170 3037 1203 3090 ut
1223 3037 1312 3109 putat
1332 3028 1464 3110 Langius
1484 3029 1501 3092 1

256 3148 286 3209 p.
308 3125 378 3192 64³.
401 3147 450 3190 eos
471 3130 648 3209 perdurasse
670 3131 836 3194 credamus.
878 3131 1046 3194 institutum
1070 3137 1169 3192 autem
1187 3129 1499 3194 estaGonstantinol

257 3247 368 3291 nonum
401 3248 491 3310 genus
523 3238 719 3311 quaestorum,
750 3240 785 3293 ut
805 3240 886 3294 esset
907 3231 1026 3314 quidam
1048 3240 1176 3316 qaoestor
1196 3230 1416 3294 intraneorum
1435 3253 1498 3316 pa-

257 3326 363 3392 latium
384 3351 411 3393 u.
433 3329 656 3416 compalatii,
677 3351 795 3394 summa
814 3333 957 3414 praeditus
980 3333 1127 3414 dignitate
1150 3351 1186 3395 ac
1206 3333 1342 3414 potentia
1364 3332 1448 3420 (uide
1463 3334 1499 3395 de

257 3429 314 3494 hoc
334 3431 470 3512 Biclring
489 3433 528 3496 N.
551 3431 603 3495 Or.
624 3453 653 3514 p.
675 3428 736 3496 247
757 3452 822 3516 sqq.
843 3435 883 3496 N.
905 3433 976 3497 Occ.
997 3455 1027 3516 p.
1050 3429 1159 3518 324*).

340 3532 405 3595 baec
425 3533 514 3614 igitur
535 3535 655 3596 fuerunt
669 3537 854 3621 quaestqrum
882 3555 993 3617 genera
1019 3535 1070 3617 qui
1092 3535 1273 3616 temporibus
1286 3536 1499 3616 imperatorum

257 3631 454 3696 inueniuntur.
496 3635 532 3696 de
554 3651 676 3718 numero
699 3645 800 3700 antem
821 3656 922 3699 eorum
945 3636 1017 3698 nihil
1040 3635 1114 3698 certi
1137 3644 1271 3712 constat,
1292 3636 1344 3698 sed
1366 3655 1454 3717 quum
1466 3635 1500 3699 Ο.

258 3732 362 3795 Casan
391 3735 495 3796 ultimo
528 3749 585 3816 qno
616 3736 693 3798 uixit
723 3757 802 3800 anno
824 3737 1022 3819 quadraginta
1045 3736 1163 3811 lecerit,
1191 3737 1247 3800 hoc
1268 3745 1419 3800 seruatum
1441 3755 1498 3800 non

258 3841 305 3896 est
337 3842 368 3895 et
398 3835 536 3898 uidentur
567 3845 675 3918 postea
703 3845 749 3900 tot
770 3838 844 3902 lacti
866 3856 930 3899 esse
953 3845 1025 3920 quot
1046 3856 1161 3919 quoqne
1182 3845 1314 3918 tempore
1337 3837 1500 3900 necessitas

257 3934 425 4016 reipublicae
456 3937 622 4017 postularet
653 3936 722 4022 (cfr.
748 3939 819 4001 Tac.
851 3939 901 4001 XI
925 3937 991 4021 22).
1034 3939 1154 4000 fuerunt
1185 3939 1292 4012 etiarn,
1319 3937 1370 4018 qni
1391 3937 1501 4000 adlecti

258 4035 288 4097 in
321 4036 494 4116 quaestorios
527 4046 580 4099 aut
611 4037 794 4099 cmamentis
825 4039 993 4118 qnaestoriis
1026 4037 1129 4100 donati
1163 4039 1302 4101 bonorem
1325 4057 1424 4100 eorum
1452 4037 1502 4119 qui

259 4155 378 4198 munere
409 4137 504 4199 iuncti
535 4145 621 4201 erant
658 4137 893 4218 adipiscerentur
929 4138 1017 4224 (Tac.
1048 4138 1130 4202 Ann.
1161 4139 1211 4203 XI
1246 4139 1296 4202 38.
1327 4138 1409 4202 XVI
1448 4139 1497 4201 33.

259 4237 343 4302 Soet.
365 4236 470 4300 Claud.
491 4235 559 4323 28).

341 4336 401 4400 iam
432 4357 504 4400 uero
535 4338 724 4402 Hadrianum
745 4348 921 4420 quaererem
948 4339 1138 4422 imperatoris
1160 4338 1283 4403 Traiani
1305 4338 1397 4402 luisse
1419 4347 1449 4402 et
1469 4339 1500 4404 id

260 4437 318 4500 sibi
348 4438 514 4502 iniunctum
546 4439 689 4502 habuisse
722 4448 755 4502 ut
787 4441 849 4504 eius
880 4439 911 4502 in
932 4449 1038 4505 senatu
1060 4440 1210 4503 orationes
1231 4439 1373 4503 recitaret
1394 4460 1500 4523 quam-

177 4605 179 4611 ,
260 4558 349 4620 qnam
380 4541 537 4621 posteriori
569 4541 638 4603 anni
670 4549 755 4622 parte
775 4542 981 4623 imperatorem
1006 4542 1045 4605 ad
1067 4539 1177 4604 bellum
1199 4541 1388 4622 sequebatur,
1410 4551 1442 4605 et
1462 4561 1500 4606 ex

259 4638 317 4701 hoc
348 4641 413 4704 loeo
444 4649 476 4704 et
508 4661 546 4706 ex
571 4642 659 4704 titulo
679 4642 740 4706 iam
761 4643 885 4705 laudato
906 4643 984 4724 apud
1006 4639 1192 4704 Hennenium
1213 4639 1261 4728 (in
1280 4642 1393 4707 Annali
1415 4643 1500 4709 dell·-

260 4737 335 4803 ietit.
358 4739 437 4806 1862
457 4763 486 4830 p.
510 4741 569 4807 139
590 4743 658 4807 uide
679 4761 704 4807 e.
726 4744 776 4808 ΠΙ
796 4743 812 4828 t
832 4740 868 4830 6)
889 4752 1077 4826 perspectum
1098 4741 1252 4806 babemus.
