3602 5552
314 537 354 592 60
794 537 885 592 Julius
905 537 1074 594 01111111.

313 716 405 791 pater
436 709 547 791 patria
578 717 716 774 uocatur.
758 708 978 774 Tillomontius
1009 708 1087 772 illud
1114 727 1226 773 nomeu
1251 708 1449 772 Hadrianum
1475 727 1505 770 a.
1526 727 1558 789 p.

315 809 370 874 Gli.
395 811 455 874 118
476 811 634 893 accepisse
655 811 789 894 probare
811 818 941 874 conatus
964 816 1022 874 ost.
1065 811 1121 873 sed
1143 810 1242 874 multo
1264 809 1374 873 melius
1389 807 1559 872 Eckholins

315 910 387 996 (1.1.
409 932 439 993 p.
458 911 519 974 515
541 911 642 996 squ),
674 931 764 994 quem
791 911 842 974 his
870 913 903 974 iu
928 913 1019 974 robus
1040 931 1129 973 nemo
1152 912 1254 974 adhuc
1276 910 1420 974 acumine
1442 908 1559 990 ingenii

315 1019 348 1074 et
367 1011 545 1076 subtilitate
567 1013 742 1076 disserendi
763 1012 943 1096 superauit,
966 1032 1005 1074 ox
1019 1011 1121 1075 titulis
1136 1019 1230 1094 atque
1244 1031 1284 1075 ox
1298 1011 1400 1074 nnmis
1415 1011 1556 1073 Alexan-

316 1113 416 1178 drinis
447 1114 596 1194 probauit
619 1114 816 1177 Hadrianum
841 1114 908 1177 XII
935 1114 1056 1175 demum
1082 1112 1259 1176 tribuniciae
1286 1111 1454 1194 potestatis
1476 1129 1559 1174 anno

316 1213 386 1298 (qui
409 1223 603 1278 numeratum
625 1234 695 1278 esso
717 1235 757 1278 ex
779 1215 852 1278 Kal.
867 1217 936 1278 Ian.
952 1235 981 1277 a.
996 1235 1024 1286 u
1037 1233 1062 1277 c.
1073 1213 1336 1295 882Borghesius
1348 1211 1508 1276 contendit
1519 1211 1559 1273 ad

316 1318 445 1380 Henzen
466 1314 565 1401 5459)
586 1337 616 1398 p.
639 1317 695 1381 011.
720 1313 860 1379 119111
887 1315 948 1378 sibi
971 1334 1083 1379 nomon
1104 1313 1292 1378 uindicasse.
1336 1321 1368 1376 et
1389 1312 1482 1376 facile
1505 1332 1561 1375 cx-

316 1416 426 1500 pliceri
448 1437 558 1498 posse,
584 1437 638 1480 cur
659 1418 759 1492 numi,
781 1417 835 1498 qui
856 1415 959 1498 primo
982 1416 1049 1479 eius
1071 1415 1195 1498 imperii
1217 1435 1299 1478 auno
1322 1415 1389 1478 cusi
1410 1414 1489 1489 sint,
1514 1413 1562 1476 ita

316 1517 537 1582 inscribentur.
581 1519 706 1582 nomine
740 1518 821 1581 enim
852 1517 953 1598 patris
985 1517 1097 1598 patrie
1125 1516 1289 1580 Hadriano
1312 1515 1435 1578 absenti
1458 1515 1561 1577 delato

317 1626 458 1683 senatum
486 1620 610 1684 decreto
637 1619 766 1682 iussisse
794 1618 872 1681 illud
893 1618 991 1682 inseri
1013 1625 1155 1681 moneta.
1198 1618 1324 1698 cognita
1351 1636 1426 1680 nero
1449 1615 1563 1678 deinde

317 1720 468 1804 principis
501 1718 665 1782 uoluntate
692 1721 751 1783 hoc
779 1719 913 1800 elogium
939 1719 1035 1782 inseri
1057 1719 1189 1782 uetitum
1212 1718 1324 1793 luisse,
1357 1719 1453 1781 donec
1475 1716 1562 1798 prin-

319 1841 389 1903 ceps
420 1820 498 1884 illud
530 1821 722 1884 admitteret.
766 1839 862 1901 quare
888 1820 929 1882 ad
956 1819 1123 1882 ueritatem
1150 1819 1355 1882 accomodata
1376 1826 1464 1892 sunt,
1495 1837 1563 1899 ques

318 1931 424 1986 narrat
452 1921 606 1985 Eusebius
633 1920 748 1984 Cliton.
770 1921 811 1983 ad
833 1939 861 1982 a.
882 1921 951 1984 XII
971 1921 1089 1995 Hadr.‚
1117 1927 1225 1982 errent
1245 1918 1378 1983 Orosius
1404 1919 1564 2001 Hierony-

318 2043 386 2086 mus
407 2021 500 2086 Fasti
521 2021 619 2086 Siculi
640 2018 712 2105 (cir.
733 2021 862 2084 Eckhel.
884 2021 904 2083 l.
919 2020 965 2106 1.).

400 2124 416 2205 d
437 2121 466 2184 5.
499 2143 609 2184 curum
623 2122 814 2185 'coronarium
825 2157 864 2167 -
876 2121 1027 2205 sapasim
1055 2121 1093 2183 do
1109 2139 1185 2184 auro
1204 2121 1368 2184 coronario
1381 2121 1421 2182 ad
1437 2120 1471 2182 id
1483 2119 1565 2200 quod

318 2223 559 2306 Marquardtius
570 2225 652 2285 1112
666 2242 696 2304 p.
709 2223 764 2285 211
782 2241 850 2304 sqq.
863 2222 1012 2304 exposuit
1021 2220 1101 2285 nihil
1120 2222 1288 2286 admodum
1301 2222 1468 2294 habemus,
1483 2219 1565 2301 quod

319 2324 499 2390 auctoribus
532 2323 698 2405 diligenter
724 2323 929 2405 perscrutatis
954 2323 1152 2396 adiiciamus,
1184 2343 1284 2405 neque
1310 2323 1391 2404 quod
1420 2321 1564 2384 omuibus

245 2487 247 2497 ,
319 2434 425 2489 uotum
458 2431 508 2488 est
538 2425 655 2488 attinet
685 2425 745 2487 hoo
771 2423 839 2488 loco
862 2444 968 2487 rursus
991 2425 1103 2486 dicero.
1146 2424 1180 2487 id
1202 2425 1293 2487 modo
1316 2423 1456 2486 additum
1479 2422 1567 2496 uolo,

320 2528 403 2608 quod
425 2546 463 2588 ex
485 2527 552 2588 loco
575 2526 733 2590 Ciceronis
756 2519 805 2615 (in
828 2525 894 2588 Pis.
915 2520 966 2588 37.
993 2526 1076 2587 mitto
1097 2546 1207 2586 aurum
1228 2526 1419 2588 coronarium
1441 2544 1467 2586 e.
1490 2544 1520 2606 q.
1542 2543 1566 2585 s.

319 2626 368 2692 lea
388 2627 468 2690 enim
485 2626 590 2709 penori
610 2627 656 2689 tui
678 2624 752 2711 cot.)
779 2626 807 2688 si
833 2633 933 2688 totam
962 2625 1135 2688 orationem
1162 2626 1302 2689 uidemus
1334 2625 1473 2706 seqnitur
1500 2643 1567 2686 mo-

320 2729 391 2794 dum
423 2736 455 2793 et
482 2728 634 2792 rationem
664 2727 732 2791 auri
758 2726 916 2790 coronarii
943 2727 1011 2808 lege
1038 2726 1120 2790 Iulia
1141 2728 1179 2789 de
1200 2725 1373 2808 prouinciis
1395 2725 1568 2788 constituta

320 2831 431 2906 luisse,
453 2848 568 2912 neque,
590 2837 625 2895 ut
646 2837 696 2892 cst
715 2829 750 2891 in
772 2827 877 2892 Schol.
899 2828 977 2891 Bob.
998 2847 1056 2909 pro
1078 2827 1182 2892 Sestio
1204 2848 1236 2910 p.
1251 2828 1312 2889 310
1324 2825 1422 2891 Orelli
1434 2827 1501 2907 lege
1512 2826 1567 2888 lu-

319 2933 364 2996 lia
386 2935 423 2996 de
446 2931 586 3014 pecuniis
608 2930 797 3012 repetundis.
830 2928 974 2993 Seruium
996 2948 1072 2992 uero
1094 2930 1126 2992 in
1147 2930 1215 2992 loeo
1237 2927 1569 3010 aMarquardtiolau-

321 3034 395 3098 dato
417 3034 459 3096 ad
480 3033 561 3096 Aen.
577 3026 740 3106 111721.
772 3029 900 3116 (aarum
921 3029 1113 3093 coronarium
1133 3030 1215 3094 dicit.
1251 3030 1333 3114 quod
1353 3027 1568 3113 triumphanti-

320 3134 374 3198 tm
406 3133 548 3216 hodieque
572 3154 592 3194 a
616 3132 703 3194 uictis
726 3130 864 3214 pentibus
888 3131 988 3196 111111.
1030 3130 1221 3216 imponebant
1242 3143 1340 3194 antem
1360 3129 1568 3213 111111111-

320 3244 398 3298 torer
417 3242 545 3318 propter
566 3253 733 3296 concessam
753 3233 848 3295 uitam
879 3231 933 3311 (ol.
955 3229 1213 3318 immanitatem»,
1234 3233 1331 3295 uerba
1352 3230 1394 3292 ad
1415 3230 1465 3292 sui
1486 3238 1569 3292 tem-

321 3335 406 3417 poris
439 3333 692 3396 consuetudinem
720 3341 751 3395 et
771 3335 959 3396 sententiam
981 3333 1202 3396 accomodasse
1223 3334 1286 3396 iam
1308 3332 1395 3396 uidet
1415 3330 1568 3395 Foroelli·

321 3435 390 3500 nius
411 3455 436 3498 s.
458 3454 487 3496 u.
516 3470 556 3480 -
580 3431 734 3495 ambitiose
760 3433 780 3494 i.
804 3453 829 3496 s.
859 3442 894 3496 nt
914 3434 1033 3514 gratior
1056 3433 1198 3497 omnibus
1221 3433 1363 3496 remissio
1386 3431 1454 3495 auri
1477 3449 1567 3494 coro-

321 3536 402 3602 narii
423 3535 592 3600 uideretur.

403 3639 418 3721 1
440 3636 470 3700 6.
513 3637 572 3700 hoc
592 3634 675 3698 bello
698 3633 892 3708 Sarmatico,
919 3633 1002 3714 qnod
1025 3632 1152 3697 Olinton
1173 3633 1190 3695 1
1210 3621 1241 3714 p.
1266 3634 1326 3697 104
1348 3633 1389 3696 ed
1411 3653 1524 3697 anuum
1536 3654 1567 3715 p.

321 3740 377 3803 Oh.
402 3739 461 3802 118
484 3739 592 3812 refert,
612 3736 786 3818 imperator
807 3735 840 3797 Π
862 3733 1042 3796 Hadrianus
1064 3733 1223 3796 salutatus
1246 3743 1294 3796 est
1313 3755 1413 3816 usqne
1435 3735 1570 3816 amplius

320 3849 387 3906 toto
409 3839 535 3922 imperii
557 3847 698 3918 tempore
721 3855 787 3898 sum
810 3836 958 3897 honorem
981 3835 1077 3897 auxit.
1099 3836 1154 3898 eir.
1177 3836 1298 3899 Eckhel
1319 3836 1368 3899 VI
1390 3856 1420 3917 p.
1440 3835 1502 3899 518
1523 3855 1570 3919 sq.

403 3936 468 4024 17.
511 3936 668 4002 Marciam
693 3935 861 4000 Turbonem
882 3971 923 3982 -α
937 3971 977 3982 --
994 3935 1143 4022 profecit.
1188 3937 1310 4000 codices
1332 3936 1526 4000 nsauritaneoe
1540 3945 1572 3999 et

322 4041 523 4106 nmnritcnice.
559 4039 641 4122 quod
664 4044 712 4101 est
732 4038 765 4100 in
781 4037 941 4101 codicibus
955 4034 1156 4122 profectura,
1178 4037 1212 4100 id
1230 4037 1327 4100 editio
1343 4037 1488 4120 princeps
1503 4057 1572 4100 mn·-

321 4143 405 4208 tauit
431 4143 464 4206 in
487 4140 701 4227 profecturam
723 4146 755 4201 et
776 4158 881 4203 omnes
904 4139 1051 4220 deinceps
1072 4140 1257 4220 scriptorum
1285 4141 1326 4201 H.
1348 4137 1389 4201 A.
1412 4159 1571 4202 commen-

322 4253 453 4310 tatores.
497 4246 629 4308 Poterus
651 4241 684 4303 in
707 4239 842 4304 editione
865 4241 993 4322 scripsit
1011 4261 1043 4324 p.
1066 4237 1271 4304 Mauretaniae
1287 4238 1502 4324 praefecturam
1522 4241 1572 4302 in-

319 4345 394 4427 fulis
416 4353 557 4410 1111111
577 4353 628 4407 oet.
671 4341 824 4404 Iordanua
846 4343 1008 4405 consilinm
1029 4341 1215 4404 Mommseni
1236 4349 1360 4404 secutus
1381 4339 1500 4423 aliquid
1522 4341 1571 4403 iu-

323 4455 372 4510 ter
392 4443 594 4510 Mauretania
615 4452 647 4508 et
662 4439 850 4528 profectura
871 4442 1025 4505 excidisse
1047 4441 1233 4524 suspicatur,
1254 4449 1289 4505 ut
1310 4441 1492 4523 suppleatur
1512 4441 1571 4504 ad-

325 4546 575 4610 ministrationem
606 4545 656 4609 nel
682 4545 745 4607 tulo
773 4542 857 4624 quid.
893 4543 982 4606 ¹idem
1010 4561 1084 4604 uero
1106 4543 1319 4605 Mommsenus
1342 4541 1455 4605 collato
1477 4541 1569 4606 titulo

326 4647 434 4711 Malioi
466 4649 547 4711 Mus.
569 4649 688 4710 Veron.
710 4644 782 4719 242,
802 4643 824 4706 4
852 4663 941 4726 quem
966 4641 1121 4724 inspicere
1148 4641 1222 4704 mihi
1250 4661 1312 4706 nou
1333 4642 1466 4723 contigit
1486 4663 1571 4726 proe-

324 4755 444 4828 tectura
464 4745 573 4830 infulis
593 4747 782 4831 iungendum
805 4763 874 4808 esse
895 4749 1009 4808 censet.
1052 4741 1253 4808 Gasaubonus
1274 4741 1390 4806 insulas
1411 4744 1571 4808 contendit
