3602 5552
685 537 821 606 Spartiani
844 535 899 588 rita
921 535 1052 590 Hadriani

539 856 1215 975 COMMENTARIUS.

337 1059 454 1122 Aelio
477 1061 599 1123 cuidem
623 1061 837 1144 Spartiano
858 1062 938 1124 huuc
960 1061 1074 1123 librum
1097 1061 1219 1123 codices
1242 1059 1383 1124 tribuunt
1397 1081 1495 1142 neque
1588 1095 1592 1101 ·

255 1167 303 1220 est
318 1178 422 1234 causa,
445 1181 498 1224 eur
520 1163 592 1242 quin
609 1163 656 1224 ita
670 1163 713 1224 sit
725 1163 912 1224 dubitemus.
935 1163 987 1224 hic
998 1181 1070 1224 uero
1084 1161 1287 1242 Spartianus,
1303 1161 1353 1242 qni
1369 1162 1492 1224 Diocle-

254 1259 333 1322 tiani
354 1263 548 1342 temporibus
575 1264 672 1339 uixit,
694 1264 761 1345 quis
784 1265 894 1339 fuerit,
918 1283 978 1346 quo
1000 1263 1068 1325 loco
1091 1268 1186 1324 natus
1207 1262 1264 1336 sit,
1286 1282 1354 1342 quae
1368 1283 1497 1325 munera

253 1361 387 1440 gesserit
407 1362 501 1444 plane
523 1364 620 1426 nescii
642 1384 764 1440 sumus,
792 1364 853 1426 uisi
876 1383 915 1426 ex
936 1364 1057 1437 uerbis,
1080 1383 1147 1444 quae
1170 1382 1265 1443 snpra
1288 1363 1388 1425 uitam
1410 1363 1495 1426 Aelii

252 1461 330 1523 Veri
351 1462 469 1544 scripta
491 1464 633 1546 leguntur
653 1463 844 1528 Diocletiano
867 1462 1004 1548 Aepueto
1025 1460 1130 1526 Aelius
1150 1461 1334 1546 Spartianus
1355 1485 1427 1526 auae
1439 1463 1495 1526 sal.

253 1562 432 1626 concludere
456 1564 627 1628 audeamus
644 1586 712 1628 eum
726 1586 765 1628 ex
785 1566 896 1628 amicis
910 1572 942 1626 et
953 1565 1062 1628 aulicis
1070 1563 1267 1633 Diocletiani
1279 1564 1388 1640 fuisse,
1401 1584 1495 1646 quum

253 1663 446 1727 notissimum
468 1666 511 1727 sit
533 1665 609 1728 illud
631 1688 702 1728 suus
724 1687 785 1730 non
807 1667 907 1729 solum
930 1685 1020 1728 usum
1041 1665 1228 1728 familiarem
1242 1665 1426 1746 significare,
1442 1667 1497 1727 sed

253 1765 346 1826 etiem
371 1772 407 1825 ut
427 1785 534 1828 munus
558 1767 608 1829 uel
630 1768 848 1848 magistratum
876 1767 1027 1832 beneficio
1050 1766 1248 1846 imperatoris
1261 1765 1376 1847 aliquis
1389 1773 1496 1830 teneat

252 1862 312 1948 (M.
335 1865 482 1928 Aurelius
505 1866 611 1930 Caesar
632 1868 750 1930 consuli
772 1889 839 1930 suo.
855 1871 972 1932 Fronto
988 1887 1018 1948 p.
1034 1861 1074 1930 67
1089 1867 1135 1928 cd.
1147 1867 1293 1928 Francos.
1307 1867 1425 1930 Oaesari
1440 1887 1494 1930 suo

252 1965 357 2026 consul
379 1963 529 2050 (Fronto)
557 1988 586 2049 p.
610 1963 645 2030 71
671 1969 746 2032 ibid.
769 1977 826 2031 cet.
850 1970 904 2033 cir.
927 1969 1060 2032 casaub.
1074 1968 1114 2028 ad
1126 1963 1210 2052 loc).
1232 1967 1360 2048 scripsit
1371 1968 1495 2050 Sparti-

251 2085 327 2127 anus
351 2066 388 2128 de
400 2067 642 2149 imperatoribus
655 2089 673 2131 a
688 2070 769 2133 Iulio
786 2071 908 2134 Gasarc
921 2069 1071 2153 usquead
1084 2069 1188 2130 diuum
1201 2068 1397 2131 Hadrianum
1409 2069 1495 2152 (Ael.

251 2168 327 2230 Ver.
357 2163 402 2252 1),
445 2188 513 2250 quae
535 2171 639 2232 omnia
660 2171 820 2252 perierunt
842 2180 971 2252 excepto
993 2171 1052 2233 hoc
1073 2169 1153 2231 libro
1177 2169 1214 2230 de
1237 2169 1304 2231 uita
1330 2171 1496 2233 Hadriani.

250 2267 282 2330 in
315 2268 419 2330 animo
447 2269 559 2332 habuit
593 2272 675 2334 uitas
710 2271 845 2336 omnium
876 2273 1098 2352 imperatorum
1122 2279 1281 2332 eteorum
1308 2271 1361 2350 qui
1390 2272 1496 2334 Caesa-

251 2387 300 2430 res
326 2370 430 2431 uocati
457 2377 570 2446 essent,
592 2391 687 2454 usque
710 2373 752 2436 ad
773 2393 830 2436 sua
851 2381 993 2454 tempora
1014 2370 1224 2453 perscribere;
1247 2371 1329 2451 quod
1351 2375 1497 2454 proposi-

251 2476 316 2532 tum
344 2477 446 2532 utrum
472 2472 628 2553 peregerit
655 2493 768 2548 necue,
790 2493 919 2555 prorsus
942 2474 1131 2554 ignoremus,
1154 2490 1246 2552 quum
1267 2471 1347 2533 nihil
1372 2475 1497 2554 probet,

252 2570 335 2652 quod
367 2571 473 2634 multis
505 2572 581 2635 uitis
614 2592 724 2636 nomen
757 2574 824 2637 eius
857 2574 1075 2655 prescriptum
1106 2580 1163 2635 est.
1207 2591 1264 2634 uec
1287 2573 1351 2635 fere
1374 2574 1496 2636 eliade

251 2690 284 2734 re
307 2672 405 2752 magis
431 2673 596 2736 uariantur
609 2674 771 2737 doctorum
787 2675 925 2737 uirorum
937 2674 1111 2747 sententiae,
1124 2691 1218 2754 quare
1230 2681 1304 2751 post
1314 2681 1363 2735 tot
1373 2682 1497 2736 tantas-

252 2791 309 2852 que
343 2772 571 2852 disputationes
599 2775 678 2836 nihil
701 2775 789 2837 aliud
817 2783 960 2838 constare
983 2775 1060 2836 mihi
1084 2773 1220 2846 uidetur,
1244 2791 1335 2852 quam
1357 2775 1436 2836 nihil
1459 2777 1497 2837 de
1598 2847 1601 2854 Ι

257 2871 326 2934 hac⁴
339 2891 371 2934 re
390 2873 555 2936 diiudicari
577 2893 681 2955 posse,
703 2875 779 2958 (nisi
803 2877 885 2957 quod
906 2873 1015 2937 Selrulz
1037 2873 1233 2936 inZeitschr.
1249 2873 1269 2933 f.
1282 2873 1432 2954 Gymnas.
1444 2877 1497 2940 W.

256 2970 344 3036 1865.
376 2993 408 3054 p.
437 2971 498 3036 932
531 2975 653 3054 egegrie
686 2975 835 3056 probauit
860 2975 1031 3036 uerisimile
1065 2993 1133 3036 esse
1155 2973 1240 3034 uitas
1265 2973 1497 3040 Gordianorum

252 3078 346 3153 etque
377 3074 510 3136 Maximi
544 3081 576 3136 ct
596 3075 720 3137 Balbini
750 3075 851 3138 eidem
874 3075 1020 3157 scriptori
1042 3074 1225 3136 tribuendas
1249 3094 1317 3137 esse
1339 3077 1389 3139 cui
1411 3079 1497 3142 Aelii

252 3171 356 3256 Veri).
400 3193 495 3256 quare
528 3175 551 3237 ii
589 3194 665 3256 quos
698 3176 765 3238 haec
792 3182 826 3238 ut
857 3173 904 3238 ita
938 3175 1040 3238 dicam
1073 3175 1142 3237 sine
1170 3174 1305 3238 uictoria
1328 3180 1498 3244 certamine

254 3273 425 3351 delectant,
448 3282 483 3337 ut
503 3275 631 3356 penitus
654 3296 692 3340 ea
715 3285 918 3358 cognoscant,
940 3285 1083 3339 auctores
1106 3275 1267 3360 adeant1).

299 3439 321 3514 ¹)
346 3441 463 3500 Oasaub
485 3445 514 3499 in
537 3446 661 3500 editione.

346 3531 457 3674 888188
457 3551 513 3673 88η
523 3535 773 3690 ggiiboSiiartieun
796 3619 893 3673 Alteri.
920 3616 1009 3673 1687.

345 3705 479 3760 Dodwell.
502 3709 580 3762 Prael.
603 3706 810 3762 Gembdeuiauae
833 3707 919 3762 Oxou.
945 3702 1035 3760 1692.

346 3791 394 3860 (G.
422 3793 544 3850 Muscam
566 3796 604 3850 Or
626 3797 660 3848 de
681 3812 732 3848 usu
755 3799 783 3846 et
804 3799 893 3863 praest
916 3792 986 3848 Hist
1009 3797 1081 3862 Aug.
1104 3788 1130 3842 in
1155 3788 1214 3844 iure
1236 3789 1318 3845 ciuili.
1344 3790 1494 3846 Harderow

346 3879 609 4036 Pebiibii’moleg.
632 3966 674 4018 ad.
697 3923 760 4017 Sor.
775 3963 809 4016 H.
831 3967 863 4016 A.
886 3965 915 4017 T.
938 3964 958 4016 1.
981 3981 1009 4034 p.
1031 3963 1045 4015 I
1068 3961 1200 4016 editionis.

346 4053 484 4106 Moulirees
505 4047 585 4106 Mem.
608 4067 655 4102 sur
676 4051 714 4102 les
744 4044 874 4102 bcrirains
897 4051 932 4102 de
954 4048 1083 4102 l'histoire
1104 4054 1175 4120 Aug.
1198 4049 1225 4100 iu
1248 4047 1334 4100 Nour.
1358 4043 1435 4102 mem.
1459 4051 1492 4101 de

390 4141 485 4194 l'acad.
509 4140 557 4191 des
581 4137 674 4190 scienc.
697 4136 732 4188 de
753 4133 846 4189 Berlin
872 4133 952 4189 1180
976 4153 1002 4204 p.
1026 4135 1096 4190 534.

348 4225 377 4281 O.
403 4227 436 4281 G.
459 4225 558 4296 Heyrre
580 4224 698 4278 Censura
719 4221 781 4277 Sex.
802 4221 857 4277 Sor.
880 4222 915 4277 H.
935 4227 971 4277 A.
993 4222 1114 4294 Gottiug.
1139 4219 1220 4276 1803
1244 4221 1270 4274 in
1291 4219 1492 4288 Operuerat.

344 4311 768 4455 Aablssjmvbbsernntiones
791 4396 818 4450 iu
840 4395 896 4451 Scr.
918 4396 953 4449 H.
975 4399 1008 4448 A.
1029 4395 1059 4448 P.
1080 4394 1126 4448 Pr.
1149 4391 1260 4448 Vratisl.
1286 4389 1374 4447 1838.

347 4487 469 4540 Dirlceea
493 4485 536 4539 die
558 4483 705 4554 Scriptores
727 4486 765 4539 H.
787 4487 820 4538 A.
843 4488 893 4536 cet.
914 4481 1029 4552 Leipzig
1054 4478 1142 4534 1842.

346 4573 516 4643 Bernhardy
537 4570 668 4626 Prooemii
690 4572 724 4625 de
746 4569 872 4640 Scriptor.
895 4569 929 4623 fl.
953 4573 985 4622 A.
1007 4568 1059 4620 FP.
1081 4567 1094 4619 1
1117 4570 1144 4617 et
1158 4564 1185 4618 Π
1198 4564 1279 4619 Halae
1297 4561 1491 4619 1845.1846.

348 4661 381 4715 F.
403 4659 514 4714 Richter
535 4659 563 4712 in
584 4657 678 4714 Rhein.
700 4658 769 4713 Mus.
795 4655 875 4711 1850
898 4672 925 4724 p.
944 4655 983 4708 lc
1006 4669 1062 4723 sqq.

347 4747 461 4802 Krause
489 4749 524 4800 de
544 4746 664 4800 fontibus
686 4750 714 4798 et
735 4742 889 4798 auctoritat.
911 4741 966 4794 Ser.
989 4739 1022 4793 H.
1041 4742 1074 4792 A.
1086 4738 1116 4794 P.
1129 4737 1149 4792 L
1162 4738 1222 4792 Neu
1234 4765 1276 4778 ·-·
1287 4736 1385 4792 stettin
1401 4734 1489 4791 1851.

345 4833 425 4890 Peter
446 4831 567 4890 Historia
588 4831 680 4888 critica
699 4831 755 4888 Ser.
780 4829 814 4886 Η.
836 4834 870 4885 Δ.
898 4825 1013 4898 Leipzig
1039 4821 1129 4881 1883.
1339 4818 1360 4878 4
