3602 5552
340 579 380 633 46
822 581 912 636 Julius
933 581 1103 637 (leuterwall.

423 771 462 816 ex
493 752 574 816 hisee
606 771 677 815 uero
710 753 845 816 omnibus
876 753 936 816 dno
964 753 1053 818 modo
1084 754 1148 818 fera
1180 760 1340 816 senuerunt
1365 750 1486 826 eadam,
1517 771 1585 816 mu·

340 872 428 927 nera,
460 873 525 937 qua
558 853 654 916 libera
688 854 843 934 republica
875 853 1060 930 habuerant,
1083 873 1135 916 eos
1158 854 1223 918 dioo
1246 853 1353 936 quibus
1375 852 1442 916 duae
1463 853 1584 918 urbauae

338 954 499 1034 prouincia
531 956 731 1028 obueuarant‚
763 963 798 1017 ut
830 955 908 1018 alter
928 955 1007 1018 inter
1027 956 1126 1030 niues,
1148 956 1224 1019 altar
1244 954 1323 1016 iutar
1344 953 1426 1016 niues
1448 962 1480 1016 et
1500 973 1585 1034 pere-

338 1055 439 1135 grinos
460 1056 507 1118 ius
530 1055 673 1118 dicerent.
715 1073 839 1137 quorum
860 1055 910 1118 illa
932 1057 1097 1138 antiquitus
1117 1057 1250 1120 urbanus
1271 1054 1442 1136 appellatus
1460 1055 1585 1118 erathia

337 1175 395 1218 non
417 1166 488 1219 ants
509 1155 672 1220 Traianum
693 1156 877 1238 peregrinos.
919 1157 1025 1222 horum
1047 1166 1148 1222 antem
1169 1154 1332 1220 iurisdictio
1346 1154 1493 1218 institutis
1507 1174 1586 1237 pra·

338 1256 427 1318 saetis
459 1257 524 1320 urbi
556 1266 588 1320 at
619 1257 758 1337 praetorio
789 1257 948 1320 imminuta
971 1267 1026 1322 est.
1069 1276 1359 1340 quamquamquum
1380 1256 1526 1320 aliatum
1548 1275 1587 1320 ea

335 1357 464 1432 iudicia,
497 1377 563 1441 qua
595 1366 687 1422 antea
717 1358 846 1420 adilium
877 1359 1012 1434 inerant,
1044 1361 1084 1422 ab
1115 1359 1258 1440 Augusto
1285 1353 1585 1438 apaustulu

337 1459 483 1522 mandata
509 1467 596 1534 sunt,
617 1466 652 1522 ut
672 1479 771 1522 eansre
793 1459 921 1522 maiores
942 1460 981 1523 ad
1003 1461 1164 1536 urbanum,
1187 1461 1315 1523 minores
1337 1457 1376 1520 ad
1397 1458 1584 1540 peregrinum

336 1560 529 1640 pertinerent.
572 1561 677 1622 eodem
698 1578 776 1624 anno
798 1567 957 1641 praetoram
972 1561 1117 1626 urbanum
1133 1561 1196 1642 ipse
1210 1558 1382 1632 constitnit,
1397 1559 1476 1641 quod
1493 1559 1585 1622 etiam

337 1661 495 1742 aliquoties
526 1670 596 1742 post
627 1661 659 1722 id
685 1669 803 1740 tempus
835 1660 907 1724 lecit
926 1659 1001 1745 (Dio
1022 1662 1110 1726 Cass.
1130 1662 1209 1726 LIII
1234 1660 1280 1745 2).
1324 1680 1417 1742 neque
1439 1668 1474 1724 ut
1495 1669 1585 1725 antea

337 1763 376 1824 ad
404 1763 483 1824 bunc
510 1781 614 1824 omnes
643 1760 750 1824 oinium
772 1762 975 1826 Romanorum
997 1763 1215 1844 appellationes
1237 1760 1386 1844 pertinere
1408 1781 1516 1841 passus
1537 1768 1585 1823 est

336 1863 389 1924 sad
410 1861 454 1946 (a.
477 1862 532 1926 Ch.
554 1860 629 1946 342)
652 1861 878 1943 prouincialium
902 1864 1107 1927 consularibus
1129 1863 1217 1938 uiris,
1239 1882 1313 1946 quos
1334 1861 1465 1942 singulos
1481 1861 1584 1942 singu-

335 1964 430 2026 larum
452 1963 672 2044 prouinciarum
694 1963 818 2042 negotiis
840 1964 1065 2045 praeposuisset,
1088 1964 1245 2044 delegauit
1281 1962 1391 2026 mansit
1411 1971 1520 2044 praetor
1533 1980 1584 2025 ur-

335 2065 431 2126 banus
463 2064 555 2126 etiam
587 2063 847 2144 Constantinopoli
878 2062 938 2148 (lo.
970 2066 1061 2128 Laur.
1093 2065 1198 2148 Lydus
1223 2065 1271 2138 11,
1292 2065 1333 2126 30
1358 2061 1505 2149 (Haenel).
1528 2065 1583 2126 cfr.

335 2165 409 2228 Cod.
432 2165 547 2226 Theod.
568 2165 631 2236 111,
645 2165 702 2239 32,
715 2164 761 2248 2).
785 2172 1071 2245 praetoramautem‚
1093 2165 1318 2229 nuiiurisdinIIo
1330 2164 1583 2246 peregrinatam-

336 2266 461 2346 petebat
482 2265 543 2327 ueri
564 2265 654 2328 simili
676 2273 724 2328 est
745 2285 764 2328 a
786 2265 942 2329 Caracallo
965 2269 1142 2348 abrogatum
1164 2287 1243 2339 esse,
1265 2285 1354 2348 quum
1377 2265 1514 2328 omnibus
1532 2264 1583 2346 qni

332 2367 440 2449 ubique
462 2367 491 2428 in
514 2366 639 2447 imperio
660 2366 798 2429 Romano
820 2375 937 2442 assent,
958 2368 1112 2431 ciuitatem
1134 2369 1262 2431 donaret
1282 2387 1312 2448 p.
1335 2366 1390 2430 Ch.
1409 2367 1480 2430 212.
1523 2365 1582 2429 1)ίο

334 2467 419 2531 Cass.
442 2468 601 2530 LXXVII
622 2467 651 2530 9.
675 2469 728 2530 alr.
750 2466 871 2530 Walter
892 2469 930 2532 R.
951 2468 990 2532 R.
1014 2468 1052 2532 G.
1073 2470 1089 2532 I
1110 2489 1140 2550 p.
1161 2466 1248 2551 421).

415 2569 522 2632 noteris
545 2568 737 2649 praetoribus,
759 2576 918 2649 postquam
941 2588 961 2631 a
978 2569 1082 2651 primis
1097 2568 1327 2651 imperatoribus
1342 2567 1468 2648 publioae
1483 2585 1582 2648 quaes·

332 2670 428 2737 tiones
449 2670 562 2734 sensim
584 2659 737 2750 abrogatae
758 2670 894 2745 fuerunt,
916 2670 977 2733 alia
998 2690 1123 2734 munera
1143 2670 1277 2732 iniuncta
1297 2677 1383 2746 suut3
1404 2669 1456 2732 sed
1473 2668 1583 2732 anoidit

330 2780 430 2834 tamen
462 2778 497 2833 ut
528 2790 586 2833 non
619 2771 755 2834 omnibus
776 2770 853 2832 satis
875 2780 957 2834 esset
978 2771 1089 2852 negotii
1109 2772 1198 2856 (Tae.
1220 2769 1323 2851 Agris.
1345 2767 1391 2854 6),
1412 2789 1503 2851 quum
1524 2768 1582 2830 irn-

330 2881 484 2954 peratores
516 2872 667 2936 interdum
705 2872 787 2935 unlla
820 2871 880 2934 alia
917 2872 954 2934 ds
987 2892 1081 2936 nausa
1112 2892 1266 2936 numerum
1301 2879 1460 2952 augerent,
1492 2890 1580 2952 quam

329 2974 400 3056 qnia
422 2973 630 3054 magistratum
653 2973 731 3036 huno
753 2979 889 3054 petentes
911 2974 1060 3036 offendere
1082 2973 1194 3036 nollent
1215 2970 1291 3057 (Dio
1312 2971 1398 3036 Cass.
1419 2970 1495 3034 LVI
1516 2971 1580 3052 20).

330 3075 467 3138 omnibns
499 3074 558 3136 illis
590 3075 636 3138 ius
667 3073 823 3138 relationis
854 3073 1011 3155 Augustus
1043 3075 1128 3139 dedit
1155 3095 1183 3137 a.
1208 3095 1235 3138 a.
1259 3073 1314 3136 Ch.
1336 3071 1357 3135 8
1378 3073 1456 3154 quod
1478 3080 1579 3136 tamon

331 3175 394 3236 dias
428 3174 560 3238 aboleuit
584 3172 667 3258 .(Dio
700 3175 786 3238 Cass.
818 3176 906 3249 LVI,
939 3174 983 3261 3).
1026 3176 1105 3238 idern
1137 3176 1173 3238 iis
1195 3173 1356 3248 consessit,
1378 3183 1413 3236 ut
1433 3193 1493 3235 una
1513 3193 1580 3236 eum

328 3275 457 3338 tribunis
490 3275 586 3356 plebis
619 3283 650 3337 et
681 3276 817 3342 aedilibus
850 3277 1074 3358 quatuordeeim
1107 3277 1189 3340 urbis
1221 3275 1389 3355 regionibus
1414 3281 1581 3354 praeessent

328 3375 402 3461 (Dio
425 3375 511 3438 Cass.
533 3376 592 3437 LV
613 3375 642 3437 8.
665 3377 748 3438 Suet.
770 3376 848 3456 Aug.
869 3378 910 3439 30
933 3397 959 3439 a.
982 3377 1038 3440 Cb.
1061 3376 1081 3440 6
1101 3379 1155 3441 afr.
1177 3376 1271 3440 Orelli
1286 3370 1356 3440 736.
1370 3369 1456 3460 782).
1489 3395 1576 3439 man-

327 3478 368 3540 sit
399 3477 456 3540 boa
481 3485 560 3538 certe
583 3477 622 3538 ad
644 3496 672 3539 a.
695 3497 724 3557 p.
747 3476 801 3540 Cb.
826 3477 886 3538 loo
907 3475 1017 3561 (Orelli
1039 3472 1131 3562 782);
1152 3479 1282 3540 fortasse
1303 3469 1398 3558 usq'rm
1419 3477 1459 3538 ad
1480 3475 1575 3540 Saue-

327 3597 391 3642 rum
423 3578 631 3640 Alexandrum
653 3577 793 3660 (Lampr.
815 3574 882 3661 33).
926 3597 1004 3642 anno
1025 3597 1097 3640 uero
1119 3598 1147 3640 a.
1170 3577 1225 3640 Cb.
1248 3578 1289 3640 22
1312 3577 1463 3656 Augustus
1485 3577 1576 3640 insti·

326 3680 399 3753 tuit,
421 3687 455 3741 ut
478 3698 550 3741 aura
574 3677 673 3740 aerarii
695 3699 715 3740 a
736 3677 933 3760 quaestoribns
955 3678 1078 3740 urbanis
1101 3680 1139 3740 ad
1161 3679 1234 3742 duos
1257 3675 1418 3762 praetores)
1440 3679 1575 3759 praetori-

328 3778 414 3864 osne)
436 3779 578 3842 transiret
599 3777 674 3863 (Dio
697 3778 782 3843 Cass.
804 3779 880 3841 LIII
907 3779 956 3842 32.
979 3779 1063 3842 Suet.
1087 3779 1165 3860 Aug.
1187 3777 1260 3862 36),
1277 3778 1332 3860 ,qni
1343 3786 1487 3858 praetores
1497 3799 1574 3842 aera-

325 3881 362 3944 rii
393 3880 441 3943 uel
470 3881 507 3942 ad
533 3879 669 3944 serarium
692 3879 738 3967 (iu
760 3879 848 3942 titulo
870 3879 905 3941 P.
927 3879 1041 3944 Plautii
1062 3880 1199 3954 Pulchri,
1222 3879 1272 3961 qui
1293 3867 1412 3941 Claudii
1432 3881 1575 3961 tempori-

324 3985 380 4046 bus
413 3980 512 4054 floruit
536 3979 630 4043 Orelli
651 3975 728 4063 723)
750 3980 850 4044 uocati
870 3988 949 4042 sunt.
990 3980 1099 4046 iudicia
1121 3981 1151 4044 bi
1172 3981 1249 4044 inter
1270 3979 1411 4060 principis
1434 3981 1574 4050 adsesso-

325 4103 371 4146 res
404 4083 529 4146 obibant
550 4078 624 4164 (Dio
646 4081 731 4146 Cass.
753 4083 815 4144 LX
841 4082 862 4143 4
882 4101 911 4162 p.
934 4081 989 4144 Ch.
1012 4079 1078 4167 41).
1122 4103 1200 4146 anno
1226 4101 1255 4162 p.
1278 4081 1333 4144 Ch.
1356 4081 1396 4144 44
1417 4083 1575 4163 quaestori·

323 4187 380 4248 bus
405 4195 438 4248 ut
459 4183 625 4264 antiquitus
646 4182 791 4246 traditum
806 4183 907 4248 fuerat
921 4203 1027 4246 munus
1042 4184 1174 4264 pecuniae
1189 4183 1315 4264 publiea
1327 4182 1574 4248 administranda

324 4286 468 4350 Claudius
501 4303 601 4346 rursus
631 4283 801 4358 mandauit,
834 4283 1014 4364 pratoribus
1046 4285 1158 4348 iudicia
1179 4285 1331 4367 quadam,
1353 4303 1418 4364 quaa
1440 4292 1533 4348 antea
1554 4307 1575 4348 a

325 4387 496 4452 oonsulibus
526 4385 646 4466 nognita
679 4386 799 4447 fuerant
835 4379 1061 4468 dvravaxalpros
1091 4383 1166 4471 (Dio
1199 4385 1285 4448 Cass.
1317 4383 1379 4446 LX
1404 4385 1454 4446 24.
1488 4385 1572 4450 Suet.

324 4487 432 4550 Claud.
464 4485 529 4570 24).
572 4487 727 4568 praetorios
760 4485 865 4548 aerario
898 4486 994 4550 denno
1015 4488 1097 4549 Naro
1119 4486 1255 4565 praelenit
1275 4484 1365 4570 (Tae.
1388 4484 1469 4548 Anu.
1492 4489 1573 4550 XIII

324 4587 390 4671 29),
422 4596 566 4667 praetores
600 4587 805 4669 Vespasianus
837 4585 926 4672 (Tae.
959 4589 999 4650 H.
1031 4587 1078 4650 IV
1103 4585 1150 4668 9).
1192 4608 1210 4648 a
1241 4584 1425 4664 temporibus
1446 4588 1571 4671 denique

322 4689 443 4752 Traiani
472 4688 605 4768 praeleeti
638 4709 755 4770 semper
777 4689 966 4752 nominantur
987 4689 1008 4750 ii
1030 4687 1161 4768 praetorii
1182 4687 1238 4748 uiri
1265 4685 1314 4768 qui
1338 4697 1572 4768 nuramgerunt

322 4789 456 4878 pecunia
479 4787 605 4871 publicae
627 4790 883 4854 administranda.
