3602 5552
666 541 802 612 opstent
824 543 881 597 aa
901 543 1040 598 maeno.
1435 541 1473 596 or

237 711 353 787 multis,
374 710 481 792 legatis
502 717 765 785 testamentorum,
786 711 931 775 similibus
953 721 1020 774 orta
1040 723 1111 777 sunt
1133 751 1171 760 -
1192 735 1261 777 nam
1276 714 1312 776 de
1326 712 1475 776 uicesimis

236 812 367 892 cogitare
389 819 475 874 uetat
494 811 527 872 id
548 811 626 893 quod
647 812 694 874 ha
715 831 772 873 non
794 812 853 874 nisi
876 813 912 874 de
934 814 1049 893 magnis
1070 815 1289 878 hereditatibus
1303 831 1369 893 quae
1384 833 1476 895 supra

237 911 290 975 HS
323 913 438 976 centies
470 911 564 974 millia
595 921 681 974 erant
712 912 942 993 exquirebantur
964 949 1003 960 —
1025 924 1163 998 recteque
1192 936 1293 980 eorum
1326 909 1474 976 debitores

230 1013 349 1096 prium
382 1013 586 1086 nominantur,
617 1021 652 1074 ut
678 1021 866 1093 opponantur
893 1013 1070 1096 prouinciis,
1102 1017 1261 1098 inquibus
1283 1033 1341 1078 non
1364 1015 1475 1095 priuati

235 1115 288 1176 sed
310 1116 399 1177 nrbes
421 1113 578 1195 pecuniam
601 1114 752 1187 soluerint,
781 1114 827 1176 ita
848 1121 883 1176 ut
903 1134 976 1178 cura
996 1117 1225 1197 magistratuum
1253 1115 1422 1179 urbicorum
1442 1115 1472 1178 in

235 1215 368 1296 singulos
390 1215 572 1294 diuideretur
592 1223 624 1276 et
645 1234 665 1275 a
684 1214 807 1293 singulis
830 1213 1012 1295 exigeretur,
1033 1219 1110 1299 quod
1131 1219 1203 1280 fisco
1224 1218 1272 1280 uel
1294 1216 1398 1279 aerario
1421 1217 1473 1278 de-

234 1315 362 1378 bebatur
389 1306 451 1401 (cfr
472 1317 508 1376 de
531 1314 577 1375 his
599 1315 702 1388 rebus,
734 1335 912 1396 quamquam
942 1317 1037 1379 multa
1064 1319 1163 1380 omisit
1184 1317 1365 1400 Marqnardt
1385 1317 1473 1379 1112

233 1437 262 1496 p.
287 1411 345 1479 176
367 1435 431 1498 sqq.
461 1424 492 1478 et
523 1415 574 1497 qui
603 1415 749 1497 quomodo
770 1416 856 1478 fieret
878 1417 994 1479 exactio
1015 1419 1182 1498 praesertim
1203 1427 1274 1500 post
1295 1417 1474 1481 Constanti·

235 1537 302 1579 num
324 1518 340 1579 1
361 1517 471 1598 optime
494 1515 652 1596 descripsit
672 1516 793 1578 Walter
813 1518 901 1579 Rern.
923 1519 960 1580 a
983 1517 1021 1580 G.
1042 1520 1066 1581 Ι.
1088 1540 1116 1600 p.
1137 1518 1199 1581 484
1219 1517 1309 1602 sqq).

315 1619 402 1680 uenio
424 1638 500 1680 nunc
522 1617 560 1678 ad
582 1617 678 1678 locum
699 1616 822 1691 Dionis,
854 1618 905 1699 qui
925 1617 970 1680 ita
991 1620 1027 1680 de
1049 1619 1106 1683 bac
1127 1639 1159 1680 re
1182 1620 1254 1682 dicit
1275 1617 1402 1704 (LXIX
1422 1616 1472 1700 8):

233 1714 344 1784 ἐλθών
364 1714 428 1804 γὰρ
448 1717 481 1792 ἐς
500 1713 556 1802 τὴν
574 1713 707 1800 Ῥώμην,
733 1711 837 1802 ἀφῆκε
857 1713 897 1779 τά
918 1713 1113 1803 ὀφειλόμενα
1134 1720 1179 1805 τῷ
1199 1743 1231 1783 τε
1251 1717 1407 1803 βασιλικῷ
1419 1741 1474 1781 και

232 1822 277 1906 τῷ
309 1819 449 1906 δημοσίῳ
482 1819 527 1905 τῷ
547 1819 610 1882 τῶν
626 1814 811 1900 Ῥωμαίων,
846 1816 1067 1906 besardescos&
1087 1818 1198 1908 ὁρίσας
1218 1821 1335 1908 χρόνον
1355 1815 1414 1904 ἀφ’
1436 1815 1474 1884 orl

232 1945 264 1986 re
294 1927 350 1985 καὶ
380 1925 486 2006 μέχρις
513 1915 551 1985 αὖ
578 1921 818 2006 τηρηθήσεσθαι
838 1923 920 1986 τοῦτ’
941 1921 1078 2006 ἔμελλεν.
1121 1945 1187 2006 quse
1207 1925 1286 1986 idem
1307 1923 1472 2002 significare

233 2033 323 2106 atque
355 2026 448 2088 uerba
480 2023 636 2104 Spartiani
660 2024 720 2086 iam
749 2043 786 2084 ex
813 2042 864 2098 eo,
897 2026 974 2106 quod
997 2027 1033 2088 de
1054 2025 1101 2088 his
1124 2026 1186 2087 dixi
1206 2025 1395 2106 perspicuum
1417 2032 1473 2087 est.

233 2126 367 2188 additum
399 2143 469 2189 uero
502 2143 521 2184 a
552 2123 708 2205 Xiphilino
740 2132 858 2205 tempus
890 2125 970 2188 intra
998 2129 1076 2208 quod
1104 2127 1169 2189 haec
1196 2126 1330 2188 remissio
1351 2125 1474 2186 ualeret.

232 2227 310 2308 quod
330 2237 412 2290 recte
434 2225 548 2288 monuit
569 2224 770 2306 Gregorouius
792 2225 836 2287 ita
857 2228 1050 2290 statuendum
1072 2247 1153 2302 esse,
1174 2234 1209 2289 ut
1230 2227 1269 2289 ab
1293 2246 1370 2288 anno
1388 2234 1475 2288 sexto

233 2328 346 2390 decimo
369 2335 439 2390 ante
460 2333 655 2406 repeteretur,
675 2345 749 2388 nam
770 2323 924 2407 Scaligero
946 2328 995 2408 qui
1016 2329 1094 2390 hanc
1115 2328 1318 2390 remissionem
1334 2327 1364 2388 in
1381 2345 1476 2390 annos

233 2428 372 2509 deinceps
393 2427 522 2492 sedecim
545 2427 704 2490 uslitnram
726 2427 882 2490 contendit
902 2429 1042 2491 assentiri
1062 2429 1093 2491 id
1118 2436 1218 2502 uetat,
1249 2429 1325 2508 quod
1349 2446 1476 2509 syngra-

235 2530 311 2610 phas
332 2529 472 2592 incensas
494 2547 558 2590 esse
580 2536 611 2590 et
631 2528 711 2609 apud
733 2527 928 2609 Spartianum
951 2537 983 2592 et
1001 2529 1032 2592 in
1055 2549 1144 2592 numo
1167 2537 1198 2590 et
1220 2528 1300 2609 apud
1322 2527 1398 2589 alios
1416 2527 1476 2606 sig-

236 2631 388 2706 nificatur,
420 2649 486 2712 quae
518 2629 695 2712 syngrapha
726 2628 847 2690 tributis
875 2638 905 2691 et
932 2629 1089 2710 stipendiis
1111 2630 1240 2692 nondum
1264 2627 1373 2690 debitis
1395 2627 1475 2688 nullo

236 2732 322 2792 modo
345 2731 462 2794 confieri
483 2737 633 2810 poterant.

318 2829 476 2910 Superest,
508 2837 541 2892 ut
572 2831 609 2892 de
641 2828 705 2890 loco
737 2847 823 2908 quem
853 2828 1043 2892 laudauimus
1064 2828 1190 2892 Eusebii
1211 2846 1309 2908 pauca
1331 2827 1475 2891 dicamus.

237 2928 320 2992 onius
343 2931 434 2992 uerba
455 2931 520 2993 baec
541 2939 625 2992 sunt:
647 2933 686 2992 Β.
705 2929 793 2991 ΡΙΘ.
806 2931 1031 2992 ΛΔΡΙΑΝΟΣ
1050 2932 1108 2992 ΤΟ
1127 2935 1160 2992 Β
1178 2931 1262 2992 ΚΑΙ
1278 2925 1473 2996 ΞΑΛΙΝΛ-

240 3032 333 3094 ΤΩΡ.
367 3027 532 3115 Τραϊανὸν
556 3025 576 3114 'l
600 3027 767 3114 σύγκλητος
788 3026 870 3094 θεὸν
891 3029 1084 3118 ἐψηφίσατο.
1105 3067 1156 3080 -
1173 3025 1342 3114 Ἀδριανὸς
1362 3031 1477 3116 χρειῶν

236 3128 370 3216 dosside
400 3133 463 3197 coir
493 3128 545 3196 ὕπ’
572 3127 669 3198 αὐτὸν
699 3130 824 3195 πόλεων
855 3132 927 3218 (καὶ
958 3132 1112 3216 πολιτῶν)
1145 3133 1189 3196 τῶ
1219 3130 1360 3220 δημοσίῳ
1391 3132 1476 3220 λόγῳ

236 3232 415 3322 α’νηκούσας
446 3231 593 3321 ἀπέκοψε
620 3233 739 3308 καύσας
758 3229 829 3308 τοὺς
848 3234 980 3320 poteras·
1013 3229 1149 3316 ὄαῦτός
1164 3233 1342 3318 Ῥωμαίους
1365 3235 1476 3322 ἐχαρί-

237 3353 323 3403 σατο.
364 3339 491 3421 primum
512 3337 602 3419 igitur
624 3337 920 3400 animaduertendum
941 3346 986 3400 est
1007 3339 1081 3401 illud
1104 3343 1158 3402 καὶ
1180 3337 1319 3403 πολιτῶν
1340 3338 1476 3418 Scalige-

237 3461 314 3516 rnm,
346 3459 432 3523 quem
465 3448 583 3502 secutus
616 3445 662 3500 est
694 3436 910 3519 Gregorouius,
942 3458 981 3500 ex
998 3439 1141 3511 ,cedreno
1164 3441 1354 3522 apposuisse,
1386 3459 1475 3521 quum

237 3543 300 3604 fleri
320 3541 416 3622 possit
436 3549 470 3604 ut
491 3540 640 3603 Gedrenus
661 3539 692 3602 id
714 3538 750 3600 de
772 3558 826 3602 suo
849 3539 997 3605 addiderit
1018 3550 1053 3603 nt
1075 3542 1201 3623 amplius
1215 3541 1337 3604 uerbum
1352 3537 1477 3603 πόλεων

238 3643 410 3724 explicaret.
451 3641 530 3704 idem
553 3639 687 3722 Scaliger
707 3634 759 3704 ὕπ’
785 3635 884 3705 adsto
903 3642 949 3703 ita
969 3643 1115 3704 uertenda
1136 3662 1201 3703 esse
1222 3649 1311 3723 putat
1332 3648 1366 3702 ut
1386 3641 1475 3702 intol-

238 3743 367 3823 ligantur
397 3742 486 3805 urbes
518 3741 733 3823 prouinciarum
766 3742 902 3805 Oaesaris.
946 3744 1027 3823 quod
1049 3743 1167 3804 minime
1190 3751 1238 3804 est
1260 3741 1475 3815 necessarium,

238 3863 328 3925 quum
360 3862 417 3905 non
443 3849 548 3904 contra
571 3843 677 3924 lingua
705 3844 947 3906 consuetudinem
970 3842 1264 3906 sitillauerbaita
1286 3843 1477 3923 acciperent

238 3945 299 4006 sint
330 3941 389 4006 eibi
419 3941 563 4006 medicetur
589 3943 618 4004 h.
642 3963 667 4003 e.
690 3961 793 4004 omnes
816 3943 933 4025 imperii
954 3943 1157 4006 Romanorum
1180 3943 1276 4005 urbes.
1318 3942 1363 4004 ita
1384 3942 1474 4005 etiam

239 4065 305 4108 eum
329 4044 377 4124 qni
400 4043 634 4123 exscripserunt,
656 4061 730 4122 quos
751 4042 810 4104 iarn
829 4062 920 4124 snpra
934 4043 1070 4117 laudaui,
1092 4042 1283 4125 interpretati
1296 4052 1376 4105 sunt.
1404 4061 1476 4104 con-

238 4145 327 4208 simili
350 4143 440 4206 etiam
462 4143 549 4204 modo
570 4143 600 4204 in
623 4150 797 4222 argumento
818 4143 897 4205 haud
919 4143 1057 4206 dissimili
1079 4143 1201 4230 (census
1223 4143 1371 4206 actionem
1394 4142 1475 4227 dico)

239 4247 284 4308 ait
301 4245 362 4307 'Dio
384 4241 475 4330 (LIV
495 4243 566 4328 Sljr
600 4241 707 4307 πάντα
732 4239 772 4305 cd
798 4237 980 4330 ὑπάρχοντα
1007 4239 1055 4320 ni,
1089 4243 1241 4328 καθάπερ
1272 4247 1318 4318 τὶς
1346 4241 1475 4328 ἰδιώτης.

239 4381 289 4395 -
309 4381 359 4394 --
380 4341 531 4430 δημόσιον
552 4364 623 4407 uero
644 4353 677 4407 ut
699 4343 866 4410 Salmasius
889 4345 1020 4408 ostendit
1042 4347 1121 4428 apud
1143 4345 1230 4408 huius
1245 4345 1302 4406 aeui
1316 4346 1475 4427 scriptores

241 4455 272 4510 et
286 4450 388 4511 fiscum
403 4454 434 4508 et
447 4445 583 4508 ararium
598 4446 760 4528 significat,
780 4456 814 4510 ut
827 4448 917 4511 etiam
931 4447 1034 4511 rustici
1047 4447 1164 4510 fiscales
1183 4445 1329 4531 δημόσιαι
1344 4450 1477 4532 γεωργοί

242 4549 438 4631 appellentur.
481 4566 546 4628 qnae
568 4567 657 4628 qnum
678 4549 723 4610 ita
744 4549 818 4624 sint,
840 4547 949 4630 optime
970 4549 1047 4611 inter
1067 4566 1098 4610 se
1120 4556 1284 4630 congruunt
1305 4549 1418 4612 loitres
1441 4551 1476 4612 de

241 4650 347 4730 quibus
367 4649 430 4712 dixi
450 4656 595 4711 auctores.
