<?xml version="1.0" encoding="UTF-8"?>
<!DOCTYPE html PUBLIC "-//W3C//DTD XHTML 1.0 Transitional//EN"
    "http://www.w3.org/TR/xhtml1/DTD/xhtml1-transitional.dtd">
<html xmlns="http://www.w3.org/1999/xhtml" xml:lang="en" lang="en">
 <head>
  <title>
</title>
<meta http-equiv="Content-Type" content="text/html;charset=utf-8" />
  <meta name='ocr-system' content='tesseract 3.04.00' />
  <meta name='ocr-capabilities' content='ocr_page ocr_carea ocr_par ocr_line ocrx_word'/>
</head>
<body>
  <div class='ocr_page' id='page_1' title='image "./spartianivitaha00centgoog_0070.png"; bbox 0 0 3602 5552; ppageno 0'>
   <div class='ocr_carea' id='block_1_1' title="bbox 679 539 1502 622">
    <p class='ocr_par' dir='ltr' id='par_1_1' title="bbox 679 539 1502 622">
     <span class='ocr_line' id='line_1_1' title="bbox 679 539 1502 622; baseline -0.01 -21"><span class='ocrx_word' id='word_1_1' title='bbox 679 541 815 616; x_wconf 82' lang='lat' dir='ltr'><strong>Spartiani</strong></span> <span class='ocrx_word' id='word_1_2' title='bbox 837 543 894 598; x_wconf 80' lang='lat' dir='ltr'><strong>vita</strong></span> <span class='ocrx_word' id='word_1_3' title='bbox 914 543 1055 600; x_wconf 83' lang='lat' dir='ltr'><strong>Hadriani.</strong></span> <span class='ocrx_word' id='word_1_4' title='bbox 1448 539 1502 622; x_wconf 46' lang='lat' dir='ltr'><strong>al¹</strong></span> 
     </span>
    </p>
   </div>
   <div class='ocr_carea' id='block_1_2' title="bbox 225 713 1488 4834">
    <p class='ocr_par' dir='ltr' id='par_1_2' title="bbox 225 713 1488 4125">
     <span class='ocr_line' id='line_1_2' title="bbox 242 713 1485 796; baseline 0 -20"><span class='ocrx_word' id='word_1_5' title='bbox 242 714 376 794; x_wconf 90' lang='lat' dir='ltr'><strong>proprias</strong></span> <span class='ocrx_word' id='word_1_6' title='bbox 407 713 496 777; x_wconf 82' lang='lat' dir='ltr'><strong>fnisse</strong></span> <span class='ocrx_word' id='word_1_7' title='bbox 527 715 704 795; x_wconf 72' lang='lat' dir='ltr'><strong>presidibus</strong></span> <span class='ocrx_word' id='word_1_8' title='bbox 735 716 951 796; x_wconf 87' lang='lat' dir='ltr'><strong>prouinciarum</strong></span> <span class='ocrx_word' id='word_1_9' title='bbox 983 715 1166 794; x_wconf 81' lang='lat' dir='ltr'><strong>Deciumque</strong></span> <span class='ocrx_word' id='word_1_10' title='bbox 1195 721 1267 774; x_wconf 91' lang='lat' dir='ltr'><strong>tuuc</strong></span> <span class='ocrx_word' id='word_1_11' title='bbox 1294 715 1387 776; x_wconf 86' lang='lat' dir='ltr'><strong>fuisse</strong></span> <span class='ocrx_word' id='word_1_12' title='bbox 1407 715 1485 794; x_wconf 88' lang='lat' dir='ltr'><strong>’pro-</strong></span> 
     </span>
     <span class='ocr_line' id='line_1_3' title="bbox 244 815 1486 898; baseline 0 -21"><span class='ocrx_word' id='word_1_13' title='bbox 244 815 372 878; x_wconf 88' lang='lat' dir='ltr'><strong>uinciam</strong></span> <span class='ocrx_word' id='word_1_14' title='bbox 405 815 607 896; x_wconf 83' lang='lat' dir='ltr'><strong>proesidialem&#39;</strong></span> <span class='ocrx_word' id='word_1_15' title='bbox 660 816 841 891; x_wconf 74' lang='lat' dir='ltr'><strong>Salmasius,</strong></span> <span class='ocrx_word' id='word_1_16' title='bbox 873 817 922 898; x_wconf 92' lang='lat' dir='ltr'><strong>qui</strong></span> <span class='ocrx_word' id='word_1_17' title='bbox 953 817 1065 879; x_wconf 83' lang='lat' dir='ltr'><strong>infulas</strong></span> <span class='ocrx_word' id='word_1_18' title='bbox 1097 815 1226 877; x_wconf 89' lang='lat' dir='ltr'><strong>omnium</strong></span> <span class='ocrx_word' id='word_1_19' title='bbox 1259 815 1486 894; x_wconf 69' lang='lat' dir='ltr'><strong>magistratuum</strong></span> 
     </span>
     <span class='ocr_line' id='line_1_4' title="bbox 244 912 1488 999; baseline 0.002 -23"><span class='ocrx_word' id='word_1_20' title='bbox 244 915 335 977; x_wconf 78' lang='lat' dir='ltr'><strong>fuisse</strong></span> <span class='ocrx_word' id='word_1_21' title='bbox 356 915 464 991; x_wconf 88' lang='lat' dir='ltr'><strong>credit,</strong></span> <span class='ocrx_word' id='word_1_22' title='bbox 494 916 538 978; x_wconf 86' lang='lat' dir='ltr'><strong>ita</strong></span> <span class='ocrx_word' id='word_1_23' title='bbox 558 916 699 996; x_wconf 86' lang='lat' dir='ltr'><strong>scripturn</strong></span> <span class='ocrx_word' id='word_1_24' title='bbox 721 918 799 980; x_wconf 87' lang='lat' dir='ltr'><strong>uult:</strong></span> <span class='ocrx_word' id='word_1_25' title='bbox 832 913 988 978; x_wconf 82' lang='lat' dir='ltr'><strong>Marciam</strong></span> <span class='ocrx_word' id='word_1_26' title='bbox 1012 915 1181 979; x_wconf 77' lang='lat' dir='ltr'><strong>Turbonem</strong></span> <span class='ocrx_word' id='word_1_27' title='bbox 1197 923 1269 999; x_wconf 86' lang='lat' dir='ltr'><strong>post</strong></span> <span class='ocrx_word' id='word_1_28' title='bbox 1289 912 1488 978; x_wconf 72' lang='lat' dir='ltr'><strong>Mauritaniae</strong></span> 
     </span>
     <span class='ocr_line' id='line_1_5' title="bbox 238 1013 1487 1103; baseline 0.002 -27"><span class='ocrx_word' id='word_1_29' title='bbox 238 1015 468 1099; x_wconf 72' lang='lat' dir='ltr'><strong>prefecturam,</strong></span> <span class='ocrx_word' id='word_1_30' title='bbox 500 1013 609 1103; x_wconf 81' lang='lat' dir='ltr'><strong>infulis</strong></span> <span class='ocrx_word' id='word_1_31' title='bbox 640 1027 779 1080; x_wconf 85' lang='lat' dir='ltr'><strong>ornatam</strong></span> <span class='ocrx_word' id='word_1_32' title='bbox 811 1017 993 1092; x_wconf 79' lang='lat' dir='ltr'><strong>Pannonica,</strong></span> <span class='ocrx_word' id='word_1_33' title='bbox 1025 1016 1135 1080; x_wconf 83' lang='lat' dir='ltr'><strong>Docioe</strong></span> <span class='ocrx_word' id='word_1_34' title='bbox 1161 1035 1277 1100; x_wconf 83' lang='lat' dir='ltr'><strong>quoqne</strong></span> <span class='ocrx_word' id='word_1_35' title='bbox 1295 1015 1345 1078; x_wconf 83' lang='lat' dir='ltr'><strong>nd</strong></span> <span class='ocrx_word' id='word_1_36' title='bbox 1371 1026 1487 1101; x_wconf 76' lang='lat' dir='ltr'><strong>tempor</strong></span> 
     </span>
     <span class='ocr_line' id='line_1_6' title="bbox 239 1115 1486 1200; baseline 0.001 -21"><span class='ocrx_word' id='word_1_37' title='bbox 239 1115 390 1200; x_wconf 74' lang='lat' dir='ltr'><strong>prefecit,</strong></span> <span class='ocrx_word' id='word_1_38' title='bbox 423 1126 456 1180; x_wconf 86' lang='lat' dir='ltr'><strong>ut</strong></span> <span class='ocrx_word' id='word_1_39' title='bbox 487 1118 569 1180; x_wconf 90' lang='lat' dir='ltr'><strong>dicat</strong></span> <span class='ocrx_word' id='word_1_40' title='bbox 600 1118 781 1198; x_wconf 80' lang='lat' dir='ltr'><strong>Spartianus</strong></span> <span class='ocrx_word' id='word_1_41' title='bbox 807 1127 838 1180; x_wconf 89' lang='lat' dir='ltr'><strong>et</strong></span> <span class='ocrx_word' id='word_1_42' title='bbox 864 1119 1034 1181; x_wconf 85' lang='lat' dir='ltr'><strong>Turbonem</strong></span> <span class='ocrx_word' id='word_1_43' title='bbox 1061 1118 1162 1180; x_wconf 82' lang='lat' dir='ltr'><strong>infulis</strong></span> <span class='ocrx_word' id='word_1_44' title='bbox 1183 1117 1203 1178; x_wconf 90' lang='lat' dir='ltr'><strong>i.</strong></span> <span class='ocrx_word' id='word_1_45' title='bbox 1225 1137 1250 1176; x_wconf 89' lang='lat' dir='ltr'><strong>e.</strong></span> <span class='ocrx_word' id='word_1_46' title='bbox 1272 1118 1389 1178; x_wconf 88' lang='lat' dir='ltr'><strong>nomine</strong></span> <span class='ocrx_word' id='word_1_47' title='bbox 1409 1137 1486 1198; x_wconf 75' lang='lat' dir='ltr'><strong>pra-</strong></span> 
     </span>
     <span class='ocr_line' id='line_1_7' title="bbox 244 1218 1485 1300; baseline 0.002 -22"><span class='ocrx_word' id='word_1_48' title='bbox 244 1218 363 1280; x_wconf 81' lang='lat' dir='ltr'><strong>lecturae</strong></span> <span class='ocrx_word' id='word_1_49' title='bbox 383 1219 547 1281; x_wconf 82' lang='lat' dir='ltr'><strong>Pannoniae</strong></span> <span class='ocrx_word' id='word_1_50' title='bbox 567 1228 705 1281; x_wconf 90' lang='lat' dir='ltr'><strong>ornatum</strong></span> <span class='ocrx_word' id='word_1_51' title='bbox 725 1229 756 1282; x_wconf 92' lang='lat' dir='ltr'><strong>et</strong></span> <span class='ocrx_word' id='word_1_52' title='bbox 777 1220 880 1282; x_wconf 87' lang='lat' dir='ltr'><strong>Daciae</strong></span> <span class='ocrx_word' id='word_1_53' title='bbox 901 1220 1072 1300; x_wconf 84' lang='lat' dir='ltr'><strong>praeleotum</strong></span> <span class='ocrx_word' id='word_1_54' title='bbox 1095 1219 1194 1281; x_wconf 83' lang='lat' dir='ltr'><strong>inisse.</strong></span> <span class='ocrx_word' id='word_1_55' title='bbox 1238 1218 1316 1280; x_wconf 88' lang='lat' dir='ltr'><strong>&#39;narn</strong></span> <span class='ocrx_word' id='word_1_56' title='bbox 1344 1237 1409 1280; x_wconf 89' lang='lat' dir='ltr'><strong>oum</strong></span> <span class='ocrx_word' id='word_1_57' title='bbox 1437 1218 1485 1280; x_wconf 90' lang='lat' dir='ltr'><strong>di-</strong></span> 
     </span>
     <span class='ocr_line' id='line_1_8' title="bbox 243 1316 1484 1405; baseline 0 -25"><span class='ocrx_word' id='word_1_58' title='bbox 243 1319 285 1380; x_wconf 92' lang='lat' dir='ltr'><strong>cit</strong></span> <span class='ocrx_word' id='word_1_59' title='bbox 305 1317 413 1405; x_wconf 79' lang='lat' dir='ltr'><strong>infulis</strong></span> <span class='ocrx_word' id='word_1_60' title='bbox 434 1316 575 1381; x_wconf 60' lang='lat' dir='ltr'><strong>&amp;notam</strong></span> <span class='ocrx_word' id='word_1_61' title='bbox 596 1317 777 1393; x_wconf 74' lang='lat' dir='ltr'><strong>Pannoniae,</strong></span> <span class='ocrx_word' id='word_1_62' title='bbox 799 1341 858 1382; x_wconf 91' lang='lat' dir='ltr'><strong>non</strong></span> <span class='ocrx_word' id='word_1_63' title='bbox 881 1321 1044 1382; x_wconf 73' lang='lat' dir='ltr'><strong>Pannonis</strong></span> <span class='ocrx_word' id='word_1_64' title='bbox 1065 1320 1234 1400; x_wconf 67' lang='lat' dir='ltr'><strong>praefectum</strong></span> <span class='ocrx_word' id='word_1_65' title='bbox 1256 1318 1407 1399; x_wconf 88' lang='lat' dir='ltr'><strong>intelligit,</strong></span> <span class='ocrx_word' id='word_1_66' title='bbox 1433 1319 1484 1380; x_wconf 90' lang='lat' dir='ltr'><strong>sed</strong></span> 
     </span>
     <span class='ocr_line' id='line_1_9' title="bbox 243 1419 1486 1502; baseline 0.001 -22"><span class='ocrx_word' id='word_1_67' title='bbox 243 1420 331 1481; x_wconf 90' lang='lat' dir='ltr'><strong>titulo</strong></span> <span class='ocrx_word' id='word_1_68' title='bbox 363 1421 520 1482; x_wconf 87' lang='lat' dir='ltr'><strong>dumtaxat</strong></span> <span class='ocrx_word' id='word_1_69' title='bbox 550 1421 714 1484; x_wconf 80' lang='lat' dir='ltr'><strong>Pannoniae</strong></span> <span class='ocrx_word' id='word_1_70' title='bbox 745 1423 927 1502; x_wconf 82' lang='lat' dir='ltr'><strong>praefecturae</strong></span> <span class='ocrx_word' id='word_1_71' title='bbox 959 1429 1105 1483; x_wconf 88' lang='lat' dir='ltr'><strong>ornatum.</strong></span> <span class='ocrx_word' id='word_1_72' title='bbox 1147 1419 1190 1482; x_wconf 91' lang='lat' dir='ltr'><strong>sic</strong></span> <span class='ocrx_word' id='word_1_73' title='bbox 1216 1419 1252 1481; x_wconf 91' lang='lat' dir='ltr'><strong>de</strong></span> <span class='ocrx_word' id='word_1_74' title='bbox 1279 1419 1381 1481; x_wconf 89' lang='lat' dir='ltr'><strong>endem</strong></span> <span class='ocrx_word' id='word_1_75' title='bbox 1407 1420 1486 1481; x_wconf 89' lang='lat' dir='ltr'><strong>Tur-</strong></span> 
     </span>
     <span class='ocr_line' id='line_1_10' title="bbox 243 1517 1484 1606; baseline 0.001 -26"><span class='ocrx_word' id='word_1_76' title='bbox 243 1519 321 1582; x_wconf 91' lang='lat' dir='ltr'><strong>bone</strong></span> <span class='ocrx_word' id='word_1_77' title='bbox 352 1520 454 1601; x_wconf 92' lang='lat' dir='ltr'><strong>paullo</strong></span> <span class='ocrx_word' id='word_1_78' title='bbox 475 1529 558 1602; x_wconf 91' lang='lat' dir='ltr'><strong>post:</strong></span> <span class='ocrx_word' id='word_1_79' title='bbox 591 1519 723 1584; x_wconf 86' lang='lat' dir='ltr'><strong>Romam</strong></span> <span class='ocrx_word' id='word_1_80' title='bbox 744 1522 825 1584; x_wconf 80' lang='lat' dir='ltr'><strong>uenit</strong></span> <span class='ocrx_word' id='word_1_81' title='bbox 845 1519 1052 1606; x_wconf 85' lang='lat' dir='ltr'><strong>(Hadrianus)</strong></span> <span class='ocrx_word' id='word_1_82' title='bbox 1074 1519 1178 1582; x_wconf 83' lang='lat' dir='ltr'><strong>Dacia</strong></span> <span class='ocrx_word' id='word_1_83' title='bbox 1202 1517 1335 1581; x_wconf 81' lang='lat' dir='ltr'><strong>Turboni</strong></span> <span class='ocrx_word' id='word_1_84' title='bbox 1355 1519 1484 1593; x_wconf 68' lang='lat' dir='ltr'><strong>ceddo,</strong></span> 
     </span>
     <span class='ocr_line' id='line_1_11' title="bbox 243 1617 1485 1707; baseline 0 -25"><span class='ocrx_word' id='word_1_85' title='bbox 243 1620 326 1684; x_wconf 78' lang='lat' dir='ltr'><strong>mato</strong></span> <span class='ocrx_word' id='word_1_86' title='bbox 337 1620 528 1706; x_wconf 72' lang='lat' dir='ltr'><strong>Aegyptiacae</strong></span> <span class='ocrx_word' id='word_1_87' title='bbox 534 1621 724 1707; x_wconf 75' lang='lat' dir='ltr'><strong>praefectura</strong></span> <span class='ocrx_word' id='word_1_88' title='bbox 734 1642 792 1706; x_wconf 81' lang='lat' dir='ltr'><strong>pao</strong></span> <span class='ocrx_word' id='word_1_89' title='bbox 800 1620 875 1706; x_wconf 82' lang='lat' dir='ltr'><strong>plna</strong></span> <span class='ocrx_word' id='word_1_90' title='bbox 888 1621 1074 1685; x_wconf 77' lang='lat' dir='ltr'><strong>auctoritatis</strong></span> <span class='ocrx_word' id='word_1_91' title='bbox 1088 1617 1207 1683; x_wconf 82' lang='lat' dir='ltr'><strong>baberet</strong></span> <span class='ocrx_word' id='word_1_92' title='bbox 1216 1629 1330 1683; x_wconf 85' lang='lat' dir='ltr'><strong>ornato.</strong></span> <span class='ocrx_word' id='word_1_93' title='bbox 1343 1655 1381 1666; x_wconf 89' lang='lat'><em>-</em></span> <span class='ocrx_word' id='word_1_94' title='bbox 1393 1655 1434 1666; x_wconf 90' lang='lat'>—</span> <span class='ocrx_word' id='word_1_95' title='bbox 1446 1657 1485 1668; x_wconf 87' lang='lat'>-</span> 
     </span>
     <span class='ocr_line' id='line_1_12' title="bbox 245 1721 1485 1805; baseline 0 -21"><span class='ocrx_word' id='word_1_96' title='bbox 245 1731 363 1785; x_wconf 88' lang='lat' dir='ltr'><strong>tantum</strong></span> <span class='ocrx_word' id='word_1_97' title='bbox 396 1730 496 1785; x_wconf 89' lang='lat' dir='ltr'><strong>autern</strong></span> <span class='ocrx_word' id='word_1_98' title='bbox 527 1723 652 1785; x_wconf 88' lang='lat' dir='ltr'><strong>interest</strong></span> <span class='ocrx_word' id='word_1_99' title='bbox 672 1723 751 1785; x_wconf 89' lang='lat' dir='ltr'><strong>inter</strong></span> <span class='ocrx_word' id='word_1_100' title='bbox 770 1725 945 1805; x_wconf 84' lang='lat' dir='ltr'><strong>praefectum</strong></span> <span class='ocrx_word' id='word_1_101' title='bbox 966 1731 997 1784; x_wconf 90' lang='lat' dir='ltr'><strong>et</strong></span> <span class='ocrx_word' id='word_1_102' title='bbox 1016 1723 1204 1805; x_wconf 82' lang='lat' dir='ltr'><strong>praefectnrae</strong></span> <span class='ocrx_word' id='word_1_103' title='bbox 1224 1721 1327 1783; x_wconf 82' lang='lat' dir='ltr'><strong>infulis</strong></span> <span class='ocrx_word' id='word_1_104' title='bbox 1349 1731 1485 1784; x_wconf 90' lang='lat' dir='ltr'><strong>ornatum</strong></span> 
     </span>
     <span class='ocr_line' id='line_1_13' title="bbox 246 1822 1362 1904; baseline -0.001 -19"><span class='ocrx_word' id='word_1_105' title='bbox 246 1831 390 1904; x_wconf 90' lang='lat' dir='ltr'><strong>quantum</strong></span> <span class='ocrx_word' id='word_1_106' title='bbox 411 1824 488 1886; x_wconf 90' lang='lat' dir='ltr'><strong>inter</strong></span> <span class='ocrx_word' id='word_1_107' title='bbox 510 1824 660 1886; x_wconf 89' lang='lat' dir='ltr'><strong>consulem</strong></span> <span class='ocrx_word' id='word_1_108' title='bbox 684 1833 715 1886; x_wconf 88' lang='lat' dir='ltr'><strong>et</strong></span> <span class='ocrx_word' id='word_1_109' title='bbox 735 1825 916 1887; x_wconf 84' lang='lat' dir='ltr'><strong>ornamentis</strong></span> <span class='ocrx_word' id='word_1_110' title='bbox 938 1823 1145 1886; x_wconf 88' lang='lat' dir='ltr'><strong>consularibus</strong></span> <span class='ocrx_word' id='word_1_111' title='bbox 1166 1822 1362 1885; x_wconf 67' lang='lat' dir='ltr'><strong>honoratum!</strong></span> 
     </span>
     <span class='ocr_line' id='line_1_14' title="bbox 328 1923 1486 2006; baseline -0.002 -20"><span class='ocrx_word' id='word_1_112' title='bbox 328 1933 419 2005; x_wconf 88' lang='lat' dir='ltr'><strong>atque</strong></span> <span class='ocrx_word' id='word_1_113' title='bbox 451 1943 631 2006; x_wconf 87' lang='lat' dir='ltr'><strong>quamquam</strong></span> <span class='ocrx_word' id='word_1_114' title='bbox 659 1925 743 1987; x_wconf 86' lang='lat' dir='ltr'><strong>nulla</strong></span> <span class='ocrx_word' id='word_1_115' title='bbox 767 1925 945 2000; x_wconf 85' lang='lat' dir='ltr'><strong>infularum,</strong></span> <span class='ocrx_word' id='word_1_116' title='bbox 975 1925 1021 1986; x_wconf 88' lang='lat' dir='ltr'><strong>ita</strong></span> <span class='ocrx_word' id='word_1_117' title='bbox 1045 1931 1080 1986; x_wconf 92' lang='lat' dir='ltr'><strong>ut</strong></span> <span class='ocrx_word' id='word_1_118' title='bbox 1103 1924 1164 1986; x_wconf 87' lang='lat' dir='ltr'><strong>sint</strong></span> <span class='ocrx_word' id='word_1_119' title='bbox 1185 1923 1417 2003; x_wconf 81' lang='lat' dir='ltr'><strong>magistratuum</strong></span> <span class='ocrx_word' id='word_1_120' title='bbox 1437 1924 1486 1985; x_wconf 89' lang='lat' dir='ltr'><strong>iu-</strong></span> 
     </span>
     <span class='ocr_line' id='line_1_15' title="bbox 246 2018 1487 2109; baseline -0.001 -23"><span class='ocrx_word' id='word_1_121' title='bbox 246 2025 357 2105; x_wconf 82' lang='lat' dir='ltr'><strong>signia,</strong></span> <span class='ocrx_word' id='word_1_122' title='bbox 384 2026 494 2087; x_wconf 90' lang='lat' dir='ltr'><strong>mentio</strong></span> <span class='ocrx_word' id='word_1_123' title='bbox 521 2036 592 2088; x_wconf 88' lang='lat' dir='ltr'><strong>ante</strong></span> <span class='ocrx_word' id='word_1_124' title='bbox 614 2025 841 2088; x_wconf 79' lang='lat' dir='ltr'><strong>Constantinum</strong></span> <span class='ocrx_word' id='word_1_125' title='bbox 864 2028 879 2088; x_wconf 96' lang='grc' dir='ltr'><strong>Ι</strong></span> <span class='ocrx_word' id='word_1_126' title='bbox 907 2025 967 2109; x_wconf 84' lang='lat' dir='ltr'><strong>(cir</strong></span> <span class='ocrx_word' id='word_1_127' title='bbox 987 2025 1061 2088; x_wconf 79' lang='lat' dir='ltr'><strong>(lod.</strong></span> <span class='ocrx_word' id='word_1_128' title='bbox 1083 2026 1157 2088; x_wconf 89' lang='lat' dir='ltr'><strong>lust.</strong></span> <span class='ocrx_word' id='word_1_129' title='bbox 1179 2018 1208 2098; x_wconf 81' lang='grc'><strong>7,</strong></span> <span class='ocrx_word' id='word_1_130' title='bbox 1229 2023 1279 2099; x_wconf 86' lang='grc'><strong>63,</strong></span> <span class='ocrx_word' id='word_1_131' title='bbox 1305 2027 1316 2085; x_wconf 94' lang='lat' dir='ltr'><strong>l</strong></span> <span class='ocrx_word' id='word_1_132' title='bbox 1343 2023 1487 2086; x_wconf 74' lang='lat' dir='ltr'><strong>bonorum</strong></span> 
     </span>
     <span class='ocr_line' id='line_1_16' title="bbox 244 2124 1486 2210; baseline 0 -24"><span class='ocrx_word' id='word_1_133' title='bbox 244 2124 373 2210; x_wconf 73' lang='lat' dir='ltr'><strong>isefoloa)</strong></span> <span class='ocrx_word' id='word_1_134' title='bbox 394 2126 466 2188; x_wconf 88' lang='lat' dir='ltr'><strong>mihi</strong></span> <span class='ocrx_word' id='word_1_135' title='bbox 488 2134 560 2187; x_wconf 92' lang='lat' dir='ltr'><strong>nota</strong></span> <span class='ocrx_word' id='word_1_136' title='bbox 581 2137 644 2201; x_wconf 87' lang='lat' dir='ltr'><strong>est,</strong></span> <span class='ocrx_word' id='word_1_137' title='bbox 665 2126 729 2188; x_wconf 85' lang='lat' dir='ltr'><strong>fieri</strong></span> <span class='ocrx_word' id='word_1_138' title='bbox 750 2136 850 2189; x_wconf 87' lang='lat' dir='ltr'><strong>tamen</strong></span> <span class='ocrx_word' id='word_1_139' title='bbox 872 2128 971 2208; x_wconf 90' lang='lat' dir='ltr'><strong>potuit</strong></span> <span class='ocrx_word' id='word_1_140' title='bbox 992 2135 1026 2188; x_wconf 91' lang='lat' dir='ltr'><strong>ut</strong></span> <span class='ocrx_word' id='word_1_141' title='bbox 1047 2126 1138 2188; x_wconf 89' lang='lat' dir='ltr'><strong>etiam</strong></span> <span class='ocrx_word' id='word_1_142' title='bbox 1161 2136 1250 2188; x_wconf 87' lang='lat' dir='ltr'><strong>antea</strong></span> <span class='ocrx_word' id='word_1_143' title='bbox 1264 2125 1311 2186; x_wconf 87' lang='lat' dir='ltr'><strong>his</strong></span> <span class='ocrx_word' id='word_1_144' title='bbox 1325 2125 1486 2206; x_wconf 87' lang='lat' dir='ltr'><strong>magistra-</strong></span> 
     </span>
     <span class='ocr_line' id='line_1_17' title="bbox 244 2226 1487 2309; baseline -0.001 -21"><span class='ocrx_word' id='word_1_145' title='bbox 244 2236 294 2289; x_wconf 86' lang='lat' dir='ltr'><strong>tus</strong></span> <span class='ocrx_word' id='word_1_146' title='bbox 316 2236 471 2289; x_wconf 87' lang='lat' dir='ltr'><strong>utereutur</strong></span> <span class='ocrx_word' id='word_1_147' title='bbox 493 2226 584 2289; x_wconf 87' lang='lat' dir='ltr'><strong>uariis</strong></span> <span class='ocrx_word' id='word_1_148' title='bbox 606 2246 659 2308; x_wconf 92' lang='lat' dir='ltr'><strong>pro</strong></span> <span class='ocrx_word' id='word_1_149' title='bbox 682 2229 838 2308; x_wconf 86' lang='lat' dir='ltr'><strong>dignitate.</strong></span> <span class='ocrx_word' id='word_1_150' title='bbox 881 2229 960 2309; x_wconf 90' lang='lat' dir='ltr'><strong>quod</strong></span> <span class='ocrx_word' id='word_1_151' title='bbox 982 2227 1009 2288; x_wconf 87' lang='lat' dir='ltr'><strong>si</strong></span> <span class='ocrx_word' id='word_1_152' title='bbox 1029 2227 1074 2288; x_wconf 88' lang='lat' dir='ltr'><strong>ita</strong></span> <span class='ocrx_word' id='word_1_153' title='bbox 1094 2246 1153 2288; x_wconf 91' lang='lat' dir='ltr'><strong>non</strong></span> <span class='ocrx_word' id='word_1_154' title='bbox 1175 2226 1229 2301; x_wconf 89' lang='lat' dir='ltr'><strong>sit,</strong></span> <span class='ocrx_word' id='word_1_155' title='bbox 1250 2227 1416 2306; x_wconf 89' lang='lat' dir='ltr'><strong>putandum</strong></span> <span class='ocrx_word' id='word_1_156' title='bbox 1439 2235 1487 2287; x_wconf 87' lang='lat' dir='ltr'><strong>est</strong></span> 
     </span>
     <span class='ocr_line' id='line_1_18' title="bbox 246 2327 1487 2410; baseline -0.002 -20"><span class='ocrx_word' id='word_1_157' title='bbox 246 2328 439 2408; x_wconf 88' lang='lat' dir='ltr'><strong>Spartiannm</strong></span> <span class='ocrx_word' id='word_1_158' title='bbox 473 2329 511 2390; x_wconf 91' lang='lat' dir='ltr'><strong>ad</strong></span> <span class='ocrx_word' id='word_1_159' title='bbox 543 2329 589 2390; x_wconf 90' lang='lat' dir='ltr'><strong>sui</strong></span> <span class='ocrx_word' id='word_1_160' title='bbox 621 2329 764 2410; x_wconf 86' lang='lat' dir='ltr'><strong>temporis</strong></span> <span class='ocrx_word' id='word_1_161' title='bbox 791 2329 1035 2391; x_wconf 87' lang='lat' dir='ltr'><strong>consuetudinem</strong></span> <span class='ocrx_word' id='word_1_162' title='bbox 1057 2327 1223 2389; x_wconf 89' lang='lat' dir='ltr'><strong>orationem</strong></span> <span class='ocrx_word' id='word_1_163' title='bbox 1244 2327 1487 2390; x_wconf 71' lang='lat' dir='ltr'><strong>accommodasse</strong></span> 
     </span>
     <span class='ocr_line' id='line_1_19' title="bbox 245 2427 1485 2510; baseline -0.002 -20"><span class='ocrx_word' id='word_1_164' title='bbox 245 2437 277 2490; x_wconf 90' lang='lat' dir='ltr'><strong>at</strong></span> <span class='ocrx_word' id='word_1_165' title='bbox 298 2428 353 2491; x_wconf 91' lang='lat' dir='ltr'><strong>hoc</strong></span> <span class='ocrx_word' id='word_1_166' title='bbox 374 2429 439 2492; x_wconf 91' lang='lat' dir='ltr'><strong>loco</strong></span> <span class='ocrx_word' id='word_1_167' title='bbox 460 2430 570 2492; x_wconf 81' lang='lat' dir='ltr'><strong>infulas</strong></span> <span class='ocrx_word' id='word_1_168' title='bbox 591 2432 777 2510; x_wconf 83' lang='lat' dir='ltr'><strong>praefeoturae</strong></span> <span class='ocrx_word' id='word_1_169' title='bbox 798 2429 909 2492; x_wconf 83' lang='lat' dir='ltr'><strong>dixisse</strong></span> <span class='ocrx_word' id='word_1_170' title='bbox 936 2449 989 2510; x_wconf 90' lang='lat' dir='ltr'><strong>pro</strong></span> <span class='ocrx_word' id='word_1_171' title='bbox 1011 2449 1046 2490; x_wconf 88' lang='lat' dir='ltr'><strong>ec</strong></span> <span class='ocrx_word' id='word_1_172' title='bbox 1069 2429 1147 2509; x_wconf 90' lang='lat' dir='ltr'><strong>quod</strong></span> <span class='ocrx_word' id='word_1_173' title='bbox 1169 2437 1218 2489; x_wconf 88' lang='lat' dir='ltr'><strong>est</strong></span> <span class='ocrx_word' id='word_1_174' title='bbox 1239 2429 1417 2508; x_wconf 79' lang='lat' dir='ltr'><strong>praeiectura</strong></span> <span class='ocrx_word' id='word_1_175' title='bbox 1438 2427 1485 2489; x_wconf 89' lang='lat' dir='ltr'><strong>nel</strong></span> 
     </span>
     <span class='ocr_line' id='line_1_20' title="bbox 245 2529 1486 2612; baseline -0.002 -21"><span class='ocrx_word' id='word_1_176' title='bbox 245 2530 308 2592; x_wconf 89' lang='lat' dir='ltr'><strong>eius</strong></span> <span class='ocrx_word' id='word_1_177' title='bbox 330 2530 433 2594; x_wconf 92' lang='lat' dir='ltr'><strong>honor.</strong></span> <span class='ocrx_word' id='word_1_178' title='bbox 476 2540 509 2592; x_wconf 89' lang='lat' dir='ltr'><strong>at</strong></span> <span class='ocrx_word' id='word_1_179' title='bbox 529 2549 601 2593; x_wconf 85' lang='lat' dir='ltr'><strong>uero</strong></span> <span class='ocrx_word' id='word_1_180' title='bbox 623 2531 728 2592; x_wconf 77' lang='lat' dir='ltr'><strong>mbum</strong></span> <span class='ocrx_word' id='word_1_181' title='bbox 751 2530 879 2604; x_wconf 89' lang='lat' dir='ltr'><strong>uidetur,</strong></span> <span class='ocrx_word' id='word_1_182' title='bbox 902 2531 979 2612; x_wconf 90' lang='lat' dir='ltr'><strong>quod</strong></span> <span class='ocrx_word' id='word_1_183' title='bbox 1001 2549 1090 2610; x_wconf 89' lang='lat' dir='ltr'><strong>quum</strong></span> <span class='ocrx_word' id='word_1_184' title='bbox 1113 2529 1210 2591; x_wconf 88' lang='lat' dir='ltr'><strong>Dacia</strong></span> <span class='ocrx_word' id='word_1_185' title='bbox 1225 2529 1389 2590; x_wconf 89' lang='lat' dir='ltr'><strong>consularia</strong></span> <span class='ocrx_word' id='word_1_186' title='bbox 1404 2537 1486 2590; x_wconf 87' lang='lat' dir='ltr'><strong>esset</strong></span> 
     </span>
     <span class='ocr_line' id='line_1_21' title="bbox 246 2628 1486 2713; baseline -0.002 -21"><span class='ocrx_word' id='word_1_187' title='bbox 246 2640 278 2692; x_wconf 86' lang='lat' dir='ltr'><strong>et</strong></span> <span class='ocrx_word' id='word_1_188' title='bbox 310 2631 406 2692; x_wconf 79' lang='lat' dir='ltr'><strong>ambae</strong></span> <span class='ocrx_word' id='word_1_189' title='bbox 438 2632 603 2694; x_wconf 85' lang='lat' dir='ltr'><strong>Pannoniae</strong></span> <span class='ocrx_word' id='word_1_190' title='bbox 635 2652 655 2693; x_wconf 92' lang='lat' dir='ltr'><strong>a</strong></span> <span class='ocrx_word' id='word_1_191' title='bbox 682 2631 790 2712; x_wconf 84' lang='lat' dir='ltr'><strong>legatis</strong></span> <span class='ocrx_word' id='word_1_192' title='bbox 812 2633 961 2713; x_wconf 81' lang='lat' dir='ltr'><strong>praetoriis</strong></span> <span class='ocrx_word' id='word_1_193' title='bbox 983 2631 1032 2692; x_wconf 91' lang='lat' dir='ltr'><strong>uel</strong></span> <span class='ocrx_word' id='word_1_194' title='bbox 1054 2628 1259 2691; x_wconf 88' lang='lat' dir='ltr'><strong>consularibus</strong></span> <span class='ocrx_word' id='word_1_195' title='bbox 1282 2628 1486 2690; x_wconf 86' lang='lat' dir='ltr'><strong>administrari</strong></span> 
     </span>
     <span class='ocr_line' id='line_1_22' title="bbox 245 2729 1485 2813; baseline -0.001 -22"><span class='ocrx_word' id='word_1_196' title='bbox 245 2731 391 2806; x_wconf 85' lang='lat' dir='ltr'><strong>solerent,</strong></span> <span class='ocrx_word' id='word_1_197' title='bbox 413 2741 484 2794; x_wconf 90' lang='lat' dir='ltr'><strong>tnnc</strong></span> <span class='ocrx_word' id='word_1_198' title='bbox 507 2753 526 2794; x_wconf 91' lang='lat' dir='ltr'><strong>a</strong></span> <span class='ocrx_word' id='word_1_199' title='bbox 546 2735 686 2813; x_wconf 85' lang='lat' dir='ltr'><strong>praeleoto</strong></span> <span class='ocrx_word' id='word_1_200' title='bbox 707 2731 755 2794; x_wconf 77' lang='lat' dir='ltr'><strong>hae</strong></span> <span class='ocrx_word' id='word_1_201' title='bbox 776 2732 936 2812; x_wconf 74' lang='lat' dir='ltr'><strong>prouincia</strong></span> <span class='ocrx_word' id='word_1_202' title='bbox 958 2740 1045 2794; x_wconf 87' lang='lat' dir='ltr'><strong>rectae</strong></span> <span class='ocrx_word' id='word_1_203' title='bbox 1066 2738 1144 2792; x_wconf 88' lang='lat' dir='ltr'><strong>sunt.</strong></span> <span class='ocrx_word' id='word_1_204' title='bbox 1188 2729 1252 2790; x_wconf 87' lang='lat' dir='ltr'><strong>uari</strong></span> <span class='ocrx_word' id='word_1_205' title='bbox 1272 2729 1367 2792; x_wconf 89' lang='lat' dir='ltr'><strong>simila</strong></span> <span class='ocrx_word' id='word_1_206' title='bbox 1383 2737 1485 2790; x_wconf 86' lang='lat' dir='ltr'><strong>autem</strong></span> 
     </span>
     <span class='ocr_line' id='line_1_23' title="bbox 246 2829 1485 2916; baseline -0.002 -24"><span class='ocrx_word' id='word_1_207' title='bbox 246 2832 364 2894; x_wconf 89' lang='lat' dir='ltr'><strong>uidetur</strong></span> <span class='ocrx_word' id='word_1_208' title='bbox 395 2853 447 2895; x_wconf 89' lang='lat' dir='ltr'><strong>eos</strong></span> <span class='ocrx_word' id='word_1_209' title='bbox 479 2833 527 2914; x_wconf 92' lang='lat' dir='ltr'><strong>qui</strong></span> <span class='ocrx_word' id='word_1_210' title='bbox 554 2843 589 2894; x_wconf 92' lang='lat' dir='ltr'><strong>ut</strong></span> <span class='ocrx_word' id='word_1_211' title='bbox 610 2833 710 2894; x_wconf 90' lang='lat' dir='ltr'><strong>Turbo</strong></span> <span class='ocrx_word' id='word_1_212' title='bbox 732 2833 848 2913; x_wconf 88' lang='lat' dir='ltr'><strong>equites</strong></span> <span class='ocrx_word' id='word_1_213' title='bbox 869 2831 998 2916; x_wconf 76' lang='lat' dir='ltr'><strong>Romani</strong></span> <span class='ocrx_word' id='word_1_214' title='bbox 1019 2831 1189 2893; x_wconf 85' lang='lat' dir='ltr'><strong>senatorias</strong></span> <span class='ocrx_word' id='word_1_215' title='bbox 1210 2829 1485 2892; x_wconf 87' lang='lat' dir='ltr'><strong>administrationes</strong></span> 
     </span>
     <span class='ocr_line' id='line_1_24' title="bbox 246 2930 1486 3014; baseline -0.003 -21"><span class='ocrx_word' id='word_1_216' title='bbox 246 2932 385 3007; x_wconf 89' lang='lat' dir='ltr'><strong>obibant,</strong></span> <span class='ocrx_word' id='word_1_217' title='bbox 406 2951 486 3013; x_wconf 84' lang='lat' dir='ltr'><strong>saepe</strong></span> <span class='ocrx_word' id='word_1_218' title='bbox 507 2935 666 3014; x_wconf 78' lang='lat' dir='ltr'><strong>preelectus</strong></span> <span class='ocrx_word' id='word_1_219' title='bbox 688 2934 858 3014; x_wconf 88' lang='lat' dir='ltr'><strong>appellatos</strong></span> <span class='ocrx_word' id='word_1_220' title='bbox 881 2953 959 3007; x_wconf 88' lang='lat' dir='ltr'><strong>esse,</strong></span> <span class='ocrx_word' id='word_1_221' title='bbox 990 2941 1025 2994; x_wconf 89' lang='lat' dir='ltr'><strong>ut</strong></span> <span class='ocrx_word' id='word_1_222' title='bbox 1049 2932 1142 2994; x_wconf 89' lang='lat' dir='ltr'><strong>etiam</strong></span> <span class='ocrx_word' id='word_1_223' title='bbox 1163 2931 1185 2991; x_wconf 92' lang='lat' dir='ltr'><strong>ii</strong></span> <span class='ocrx_word' id='word_1_224' title='bbox 1206 2930 1255 3011; x_wconf 86' lang='lat' dir='ltr'><strong>qui</strong></span> <span class='ocrx_word' id='word_1_225' title='bbox 1277 2930 1396 2991; x_wconf 89' lang='lat' dir='ltr'><strong>omnino</strong></span> <span class='ocrx_word' id='word_1_226' title='bbox 1418 2949 1486 2990; x_wconf 92' lang='lat' dir='ltr'><strong>mu-</strong></span> 
     </span>
     <span class='ocr_line' id='line_1_25' title="bbox 247 3024 1487 3117; baseline -0.001 -24"><span class='ocrx_word' id='word_1_227' title='bbox 247 3052 316 3094; x_wconf 89' lang='lat' dir='ltr'><strong>nere</strong></span> <span class='ocrx_word' id='word_1_228' title='bbox 347 3033 426 3114; x_wconf 92' lang='lat' dir='ltr'><strong>quod</strong></span> <span class='ocrx_word' id='word_1_229' title='bbox 453 3053 508 3095; x_wconf 89' lang='lat' dir='ltr'><strong>sua</strong></span> <span class='ocrx_word' id='word_1_230' title='bbox 530 3033 675 3113; x_wconf 78' lang='lat' dir='ltr'><strong>dignitate</strong></span> <span class='ocrx_word' id='word_1_231' title='bbox 698 3034 794 3095; x_wconf 91' lang='lat' dir='ltr'><strong>maius</strong></span> <span class='ocrx_word' id='word_1_232' title='bbox 816 3041 884 3095; x_wconf 90' lang='lat' dir='ltr'><strong>erat</strong></span> <span class='ocrx_word' id='word_1_233' title='bbox 905 3033 1107 3114; x_wconf 87' lang='lat' dir='ltr'><strong>fungebantur</strong></span> <span class='ocrx_word' id='word_1_234' title='bbox 1128 3028 1188 3117; x_wconf 81' lang='lat' dir='ltr'><strong>(cfr</strong></span> <span class='ocrx_word' id='word_1_235' title='bbox 1209 3030 1303 3093; x_wconf 91' lang='lat' dir='ltr'><strong>Orelli</strong></span> <span class='ocrx_word' id='word_1_236' title='bbox 1324 3024 1411 3114; x_wconf 76' lang='lat'>732).</span> <span class='ocrx_word' id='word_1_237' title='bbox 1455 3039 1487 3092; x_wconf 89' lang='lat' dir='ltr'><strong>et</strong></span> 
     </span>
     <span class='ocr_line' id='line_1_26' title="bbox 247 3131 1486 3215; baseline -0.002 -19"><span class='ocrx_word' id='word_1_238' title='bbox 247 3141 367 3196; x_wconf 87' lang='lat' dir='ltr'><strong>constat</strong></span> <span class='ocrx_word' id='word_1_239' title='bbox 397 3153 522 3196; x_wconf 84' lang='lat' dir='ltr'><strong>munera</strong></span> <span class='ocrx_word' id='word_1_240' title='bbox 554 3135 593 3196; x_wconf 93' lang='lat' dir='ltr'><strong>ad</strong></span> <span class='ocrx_word' id='word_1_241' title='bbox 618 3134 734 3215; x_wconf 87' lang='lat' dir='ltr'><strong>equites</strong></span> <span class='ocrx_word' id='word_1_242' title='bbox 752 3134 934 3215; x_wconf 85' lang='lat' dir='ltr'><strong>pertinentia</strong></span> <span class='ocrx_word' id='word_1_243' title='bbox 959 3135 1155 3215; x_wconf 83' lang='lat' dir='ltr'><strong>praefecturas</strong></span> <span class='ocrx_word' id='word_1_244' title='bbox 1176 3131 1338 3212; x_wconf 70' lang='lat' dir='ltr'><strong>sepissime</strong></span> <span class='ocrx_word' id='word_1_245' title='bbox 1359 3139 1486 3194; x_wconf 88' lang='lat' dir='ltr'><strong>uocatas</strong></span> 
     </span>
     <span class='ocr_line' id='line_1_27' title="bbox 246 3232 1487 3316; baseline -0.001 -20"><span class='ocrx_word' id='word_1_246' title='bbox 246 3254 319 3298; x_wconf 88' lang='lat' dir='ltr'><strong>esse.</strong></span> <span class='ocrx_word' id='word_1_247' title='bbox 361 3236 422 3298; x_wconf 90' lang='lat' dir='ltr'><strong>iam</strong></span> <span class='ocrx_word' id='word_1_248' title='bbox 454 3255 525 3298; x_wconf 89' lang='lat' dir='ltr'><strong>nero</strong></span> <span class='ocrx_word' id='word_1_249' title='bbox 557 3235 754 3297; x_wconf 90' lang='lat' dir='ltr'><strong>dubitandum</strong></span> <span class='ocrx_word' id='word_1_250' title='bbox 787 3255 845 3297; x_wconf 91' lang='lat' dir='ltr'><strong>non</strong></span> <span class='ocrx_word' id='word_1_251' title='bbox 877 3244 924 3296; x_wconf 89' lang='lat' dir='ltr'><strong>est</strong></span> <span class='ocrx_word' id='word_1_252' title='bbox 956 3234 1023 3316; x_wconf 90' lang='lat' dir='ltr'><strong>quin</strong></span> <span class='ocrx_word' id='word_1_253' title='bbox 1056 3234 1102 3296; x_wconf 92' lang='lat' dir='ltr'><strong>his</strong></span> <span class='ocrx_word' id='word_1_254' title='bbox 1134 3232 1295 3314; x_wconf 90' lang='lat' dir='ltr'><strong>prouinciis</strong></span> <span class='ocrx_word' id='word_1_255' title='bbox 1326 3232 1487 3315; x_wconf 89' lang='lat' dir='ltr'><strong>inquibus</strong></span> 
     </span>
     <span class='ocr_line' id='line_1_28' title="bbox 246 3335 1486 3418; baseline -0.002 -20"><span class='ocrx_word' id='word_1_256' title='bbox 246 3355 369 3418; x_wconf 88' lang='lat' dir='ltr'><strong>magnos</strong></span> <span class='ocrx_word' id='word_1_257' title='bbox 401 3337 548 3399; x_wconf 86' lang='lat' dir='ltr'><strong>exercitus</strong></span> <span class='ocrx_word' id='word_1_258' title='bbox 572 3336 684 3397; x_wconf 87' lang='lat' dir='ltr'><strong>habere</strong></span> <span class='ocrx_word' id='word_1_259' title='bbox 706 3343 779 3398; x_wconf 90' lang='lat' dir='ltr'><strong>tunc</strong></span> <span class='ocrx_word' id='word_1_260' title='bbox 800 3336 929 3398; x_wconf 86' lang='lat' dir='ltr'><strong>maxime</strong></span> <span class='ocrx_word' id='word_1_261' title='bbox 950 3354 1072 3397; x_wconf 88' lang='lat' dir='ltr'><strong>necesse</strong></span> <span class='ocrx_word' id='word_1_262' title='bbox 1094 3344 1175 3398; x_wconf 89' lang='lat' dir='ltr'><strong>esset</strong></span> <span class='ocrx_word' id='word_1_263' title='bbox 1195 3335 1369 3398; x_wconf 88' lang='lat' dir='ltr'><strong>Hadrianus</strong></span> <span class='ocrx_word' id='word_1_264' title='bbox 1391 3335 1486 3396; x_wconf 90' lang='lat' dir='ltr'><strong>uirum</strong></span> 
     </span>
     <span class='ocr_line' id='line_1_29' title="bbox 246 3435 1484 3519; baseline -0.002 -20"><span class='ocrx_word' id='word_1_265' title='bbox 246 3437 334 3518; x_wconf 84' lang='lat' dir='ltr'><strong>longa</strong></span> <span class='ocrx_word' id='word_1_266' title='bbox 365 3437 473 3500; x_wconf 87' lang='lat' dir='ltr'><strong>militia</strong></span> <span class='ocrx_word' id='word_1_267' title='bbox 504 3439 661 3519; x_wconf 89' lang='lat' dir='ltr'><strong>probatum</strong></span> <span class='ocrx_word' id='word_1_268' title='bbox 694 3445 725 3499; x_wconf 87' lang='lat' dir='ltr'><strong>at</strong></span> <span class='ocrx_word' id='word_1_269' title='bbox 755 3457 812 3499; x_wconf 87' lang='lat' dir='ltr'><strong>usu</strong></span> <span class='ocrx_word' id='word_1_270' title='bbox 844 3445 934 3518; x_wconf 87' lang='lat' dir='ltr'><strong>atque</strong></span> <span class='ocrx_word' id='word_1_271' title='bbox 961 3437 1086 3499; x_wconf 88' lang='lat' dir='ltr'><strong>scientia</strong></span> <span class='ocrx_word' id='word_1_272' title='bbox 1112 3436 1183 3499; x_wconf 88' lang='lat' dir='ltr'><strong>belli</strong></span> <span class='ocrx_word' id='word_1_273' title='bbox 1204 3435 1484 3516; x_wconf 77' lang='lat' dir='ltr'><strong>praestantissimum</strong></span> 
     </span>
     <span class='ocr_line' id='line_1_30' title="bbox 246 3537 1487 3620; baseline -0.003 -20"><span class='ocrx_word' id='word_1_274' title='bbox 246 3539 442 3620; x_wconf 84' lang='lat' dir='ltr'><strong>praeposuerit</strong></span> <span class='ocrx_word' id='word_1_275' title='bbox 463 3548 515 3601; x_wconf 88' lang='lat' dir='ltr'><strong>aut</strong></span> <span class='ocrx_word' id='word_1_276' title='bbox 536 3539 581 3601; x_wconf 91' lang='lat' dir='ltr'><strong>ita</strong></span> <span class='ocrx_word' id='word_1_277' title='bbox 601 3547 635 3600; x_wconf 89' lang='lat' dir='ltr'><strong>ut</strong></span> <span class='ocrx_word' id='word_1_278' title='bbox 656 3537 737 3601; x_wconf 88' lang='lat' dir='ltr'><strong>soliti</strong></span> <span class='ocrx_word' id='word_1_279' title='bbox 758 3538 954 3620; x_wconf 85' lang='lat' dir='ltr'><strong>magistratus</strong></span> <span class='ocrx_word' id='word_1_280' title='bbox 975 3538 1061 3600; x_wconf 90' lang='lat' dir='ltr'><strong>simul</strong></span> <span class='ocrx_word' id='word_1_281' title='bbox 1083 3537 1281 3600; x_wconf 89' lang='lat' dir='ltr'><strong>retinerentur</strong></span> <span class='ocrx_word' id='word_1_282' title='bbox 1303 3547 1356 3598; x_wconf 90' lang='lat' dir='ltr'><strong>aut</strong></span> <span class='ocrx_word' id='word_1_283' title='bbox 1376 3545 1410 3597; x_wconf 93' lang='lat' dir='ltr'><strong>ut</strong></span> <span class='ocrx_word' id='word_1_284' title='bbox 1430 3553 1487 3616; x_wconf 90' lang='lat' dir='ltr'><strong>po-</strong></span> 
     </span>
     <span class='ocr_line' id='line_1_31' title="bbox 225 3636 1486 3728; baseline -0.003 -26"><span class='ocrx_word' id='word_1_285' title='bbox 225 3647 343 3728; x_wconf 79' lang='lat' dir='ltr'><strong>testas</strong></span> <span class='ocrx_word' id='word_1_286' title='bbox 365 3660 465 3702; x_wconf 84' lang='lat' dir='ltr'><strong>aarum</strong></span> <span class='ocrx_word' id='word_1_287' title='bbox 486 3641 516 3702; x_wconf 92' lang='lat' dir='ltr'><strong>in</strong></span> <span class='ocrx_word' id='word_1_288' title='bbox 538 3659 628 3702; x_wconf 89' lang='lat' dir='ltr'><strong>unum</strong></span> <span class='ocrx_word' id='word_1_289' title='bbox 651 3640 820 3702; x_wconf 85' lang='lat' dir='ltr'><strong>Turbonem</strong></span> <span class='ocrx_word' id='word_1_290' title='bbox 842 3641 1063 3702; x_wconf 85' lang='lat' dir='ltr'><strong>transferretur.</strong></span> <span class='ocrx_word' id='word_1_291' title='bbox 1095 3639 1148 3700; x_wconf 90' lang='lat' dir='ltr'><strong>sed</strong></span> <span class='ocrx_word' id='word_1_292' title='bbox 1163 3646 1264 3700; x_wconf 90' lang='lat' dir='ltr'><strong>tamen</strong></span> <span class='ocrx_word' id='word_1_293' title='bbox 1280 3636 1486 3698; x_wconf 87' lang='lat' dir='ltr'><strong>difficillimum</strong></span> 
     </span>
     <span class='ocr_line' id='line_1_32' title="bbox 247 3736 1487 3823; baseline -0.004 -21"><span class='ocrx_word' id='word_1_294' title='bbox 247 3747 293 3802; x_wconf 90' lang='lat' dir='ltr'><strong>est</strong></span> <span class='ocrx_word' id='word_1_295' title='bbox 317 3742 363 3803; x_wconf 57' lang='lat' dir='ltr'><strong>*ad</strong></span> <span class='ocrx_word' id='word_1_296' title='bbox 394 3741 619 3822; x_wconf 85' lang='lat' dir='ltr'><strong>explicandum,</strong></span> <span class='ocrx_word' id='word_1_297' title='bbox 651 3759 703 3802; x_wconf 90' lang='lat' dir='ltr'><strong>cur</strong></span> <span class='ocrx_word' id='word_1_298' title='bbox 727 3740 909 3823; x_wconf 85' lang='lat' dir='ltr'><strong>Spartianus</strong></span> <span class='ocrx_word' id='word_1_299' title='bbox 931 3750 994 3803; x_wconf 88' lang='lat' dir='ltr'><strong>tarn</strong></span> <span class='ocrx_word' id='word_1_300' title='bbox 1016 3739 1090 3802; x_wconf 89' lang='lat' dir='ltr'><strong>mira</strong></span> <span class='ocrx_word' id='word_1_301' title='bbox 1111 3759 1182 3801; x_wconf 90' lang='lat' dir='ltr'><strong>usus</strong></span> <span class='ocrx_word' id='word_1_302' title='bbox 1204 3738 1245 3800; x_wconf 89' lang='lat' dir='ltr'><strong>sit</strong></span> <span class='ocrx_word' id='word_1_303' title='bbox 1266 3736 1430 3799; x_wconf 80' lang='lat' dir='ltr'><strong>elocutione</strong></span> <span class='ocrx_word' id='word_1_304' title='bbox 1452 3744 1487 3798; x_wconf 91' lang='lat' dir='ltr'><strong>ut</strong></span> 
     </span>
     <span class='ocr_line' id='line_1_33' title="bbox 247 3837 1486 3926; baseline -0.003 -24"><span class='ocrx_word' id='word_1_305' title='bbox 247 3842 359 3904; x_wconf 88' lang='lat' dir='ltr'><strong>diceret</strong></span> <span class='ocrx_word' id='word_1_306' title='bbox 388 3842 575 3926; x_wconf 72' lang='lat' dir='ltr'><strong>prasentare</strong></span> <span class='ocrx_word' id='word_1_307' title='bbox 605 3840 713 3921; x_wconf 77' lang='lat' dir='ltr'><strong>infulis</strong></span> <span class='ocrx_word' id='word_1_308' title='bbox 737 3877 779 3888; x_wconf 92' lang='lat'><strong>--</strong></span> <span class='ocrx_word' id='word_1_309' title='bbox 799 3877 839 3888; x_wconf 92' lang='lat'>-</span> <span class='ocrx_word' id='word_1_310' title='bbox 860 3878 901 3888; x_wconf 90' lang='lat'>-</span> <span class='ocrx_word' id='word_1_311' title='bbox 922 3840 1071 3926; x_wconf 76' lang='lat' dir='ltr'><strong>prefecit.</strong></span> <span class='ocrx_word' id='word_1_312' title='bbox 1119 3859 1209 3921; x_wconf 87' lang='lat' dir='ltr'><strong>quara</strong></span> <span class='ocrx_word' id='word_1_313' title='bbox 1234 3837 1354 3900; x_wconf 89' lang='lat' dir='ltr'><strong>minime</strong></span> <span class='ocrx_word' id='word_1_314' title='bbox 1382 3855 1401 3900; x_wconf 88' lang='lat' dir='ltr'><strong>a</strong></span> <span class='ocrx_word' id='word_1_315' title='bbox 1427 3837 1486 3898; x_wconf 87' lang='lat' dir='ltr'><strong>fida</strong></span> 
     </span>
     <span class='ocr_line' id='line_1_34' title="bbox 246 3937 1485 4005; baseline -0.002 -1"><span class='ocrx_word' id='word_1_316' title='bbox 246 3942 388 4005; x_wconf 88' lang='lat' dir='ltr'><strong>abhorret</strong></span> <span class='ocrx_word' id='word_1_317' title='bbox 408 3963 511 4005; x_wconf 90' lang='lat' dir='ltr'><strong>ueram</strong></span> <span class='ocrx_word' id='word_1_318' title='bbox 534 3962 601 4004; x_wconf 89' lang='lat' dir='ltr'><strong>esse</strong></span> <span class='ocrx_word' id='word_1_319' title='bbox 622 3941 823 4004; x_wconf 90' lang='lat' dir='ltr'><strong>coniecturam</strong></span> <span class='ocrx_word' id='word_1_320' title='bbox 846 3941 987 4005; x_wconf 89' lang='lat' dir='ltr'><strong>Salmasii</strong></span> <span class='ocrx_word' id='word_1_321' title='bbox 1003 3948 1057 4002; x_wconf 90' lang='lat' dir='ltr'><strong>aut</strong></span> <span class='ocrx_word' id='word_1_322' title='bbox 1071 3949 1151 4002; x_wconf 89' lang='lat' dir='ltr'><strong>certe</strong></span> <span class='ocrx_word' id='word_1_323' title='bbox 1166 3941 1290 4002; x_wconf 89' lang='lat' dir='ltr'><strong>eandem</strong></span> <span class='ocrx_word' id='word_1_324' title='bbox 1305 3937 1485 4001; x_wconf 88' lang='lat' dir='ltr'><strong>sententiam</strong></span> 
     </span>
     <span class='ocr_line' id='line_1_35' title="bbox 247 4041 989 4125; baseline -0.004 -20"><span class='ocrx_word' id='word_1_325' title='bbox 247 4063 336 4125; x_wconf 89' lang='lat' dir='ltr'><strong>quam</strong></span> <span class='ocrx_word' id='word_1_326' title='bbox 358 4061 396 4105; x_wconf 90' lang='lat' dir='ltr'><strong>ea</strong></span> <span class='ocrx_word' id='word_1_327' title='bbox 417 4044 560 4105; x_wconf 80' lang='lat' dir='ltr'><strong>effectam</strong></span> <span class='ocrx_word' id='word_1_328' title='bbox 582 4042 648 4105; x_wconf 88' lang='lat' dir='ltr'><strong>uult</strong></span> <span class='ocrx_word' id='word_1_329' title='bbox 667 4041 699 4102; x_wconf 92' lang='lat' dir='ltr'><strong>in</strong></span> <span class='ocrx_word' id='word_1_330' title='bbox 720 4041 777 4103; x_wconf 91' lang='lat' dir='ltr'><strong>hoc</strong></span> <span class='ocrx_word' id='word_1_331' title='bbox 798 4041 862 4103; x_wconf 87' lang='lat' dir='ltr'><strong>loce</strong></span> <span class='ocrx_word' id='word_1_332' title='bbox 883 4041 989 4103; x_wconf 85' lang='lat' dir='ltr'><strong>inesse.</strong></span> 
     </span>
    </p>

    <p class='ocr_par' dir='ltr' id='par_1_3' title="bbox 246 4137 1488 4834">
     <span class='ocr_line' id='line_1_36' title="bbox 328 4137 1486 4222; baseline -0.005 -18"><span class='ocrx_word' id='word_1_333' title='bbox 328 4145 358 4206; x_wconf 93' lang='lat' dir='ltr'><strong>in</strong></span> <span class='ocrx_word' id='word_1_334' title='bbox 380 4143 521 4206; x_wconf 89' lang='lat' dir='ltr'><strong>honorem</strong></span> <span class='ocrx_word' id='word_1_335' title='bbox 542 4162 614 4206; x_wconf 89' lang='lat' dir='ltr'><strong>uero</strong></span> <span class='ocrx_word' id='word_1_336' title='bbox 635 4141 744 4204; x_wconf 88' lang='lat' dir='ltr'><strong>Marcii</strong></span> <span class='ocrx_word' id='word_1_337' title='bbox 765 4141 913 4203; x_wconf 83' lang='lat' dir='ltr'><strong>Turbonis</strong></span> <span class='ocrx_word' id='word_1_338' title='bbox 934 4141 1095 4222; x_wconf 87' lang='lat' dir='ltr'><strong>inscriptus</strong></span> <span class='ocrx_word' id='word_1_339' title='bbox 1121 4148 1168 4204; x_wconf 87' lang='lat' dir='ltr'><strong>est</strong></span> <span class='ocrx_word' id='word_1_340' title='bbox 1188 4139 1293 4203; x_wconf 89' lang='lat' dir='ltr'><strong>titulus</strong></span> <span class='ocrx_word' id='word_1_341' title='bbox 1315 4137 1486 4200; x_wconf 86' lang='lat' dir='ltr'><strong>Orellianna</strong></span> 
     </span>
     <span class='ocr_line' id='line_1_37' title="bbox 246 4239 1488 4326; baseline -0.006 -19"><span class='ocrx_word' id='word_1_342' title='bbox 246 4245 318 4309; x_wconf 81' lang='lat'>831.</span> <span class='ocrx_word' id='word_1_343' title='bbox 360 4243 479 4307; x_wconf 82' lang='lat' dir='ltr'><strong>Marcio</strong></span> <span class='ocrx_word' id='word_1_344' title='bbox 502 4241 637 4306; x_wconf 85' lang='lat' dir='ltr'><strong>Turboni</strong></span> <span class='ocrx_word' id='word_1_345' title='bbox 656 4241 805 4304; x_wconf 82' lang='lat' dir='ltr'><strong>Frontoni</strong></span> <span class='ocrx_word' id='word_1_346' title='bbox 823 4239 962 4304; x_wconf 78' lang='lat' dir='ltr'><strong>Publicio</strong></span> <span class='ocrx_word' id='word_1_347' title='bbox 981 4239 1093 4306; x_wconf 70' lang='lat' dir='ltr'><strong>deamo</strong></span> <span class='ocrx_word' id='word_1_348' title='bbox 1108 4241 1200 4326; x_wconf 64' lang='lat' dir='ltr'><strong>praefi</strong></span> <span class='ocrx_word' id='word_1_349' title='bbox 1218 4248 1306 4326; x_wconf 78' lang='lat' dir='ltr'><strong>pret.</strong></span> <span class='ocrx_word' id='word_1_350' title='bbox 1327 4239 1401 4324; x_wconf 84' lang='lat' dir='ltr'><strong>imp.</strong></span> <span class='ocrx_word' id='word_1_351' title='bbox 1422 4255 1488 4301; x_wconf 80' lang='lat' dir='ltr'><strong>coes.</strong></span> 
     </span>
     <span class='ocr_line' id='line_1_38' title="bbox 251 4337 1486 4428; baseline -0.006 -20"><span class='ocrx_word' id='word_1_352' title='bbox 251 4345 379 4409; x_wconf 78' lang='lat' dir='ltr'><strong>Troiani</strong></span> <span class='ocrx_word' id='word_1_353' title='bbox 398 4343 559 4408; x_wconf 75' lang='lat' dir='ltr'><strong>Hadriani</strong></span> <span class='ocrx_word' id='word_1_354' title='bbox 579 4365 647 4427; x_wconf 79' lang='lat' dir='ltr'><strong>cap.</strong></span> <span class='ocrx_word' id='word_1_355' title='bbox 668 4363 699 4428; x_wconf 85' lang='lat' dir='ltr'><strong>p.</strong></span> <span class='ocrx_word' id='word_1_356' title='bbox 717 4363 751 4427; x_wconf 89' lang='lat' dir='ltr'><strong>p.</strong></span> <span class='ocrx_word' id='word_1_357' title='bbox 773 4340 864 4406; x_wconf 85' lang='lat' dir='ltr'><strong>colon.</strong></span> <span class='ocrx_word' id='word_1_358' title='bbox 892 4340 959 4427; x_wconf 83' lang='lat' dir='ltr'><strong>le.</strong></span> <span class='ocrx_word' id='word_1_359' title='bbox 984 4343 1108 4407; x_wconf 78' lang='lat' dir='ltr'><strong>Troica.</strong></span> <span class='ocrx_word' id='word_1_360' title='bbox 1130 4363 1198 4426; x_wconf 75' lang='lat' dir='ltr'><strong>any.</strong></span> <span class='ocrx_word' id='word_1_361' title='bbox 1219 4340 1340 4403; x_wconf 84' lang='lat' dir='ltr'><strong>Dacico</strong></span> <span class='ocrx_word' id='word_1_362' title='bbox 1364 4337 1486 4403; x_wconf 74' lang='lat' dir='ltr'><strong>Sorori-</strong></span> 
     </span>
     <span class='ocr_line' id='line_1_39' title="bbox 247 4438 1487 4531; baseline -0.008 -19"><span class='ocrx_word' id='word_1_363' title='bbox 247 4447 390 4531; x_wconf 78' lang='lat' dir='ltr'><strong>cepctbas.</strong></span> <span class='ocrx_word' id='word_1_364' title='bbox 433 4447 551 4509; x_wconf 77' lang='lat' dir='ltr'><strong>Iudaeos</strong></span> <span class='ocrx_word' id='word_1_365' title='bbox 582 4446 801 4508; x_wconf 88' lang='lat' dir='ltr'><strong>tumultuantes</strong></span> <span class='ocrx_word' id='word_1_366' title='bbox 833 4443 895 4530; x_wconf 83' lang='lat' dir='ltr'><strong>(cfr</strong></span> <span class='ocrx_word' id='word_1_367' title='bbox 920 4464 1010 4526; x_wconf 90' lang='lat' dir='ltr'><strong>supra</strong></span> <span class='ocrx_word' id='word_1_368' title='bbox 1038 4446 1107 4507; x_wconf 88' lang='lat' dir='ltr'><strong>adn.</strong></span> <span class='ocrx_word' id='word_1_369' title='bbox 1135 4463 1160 4506; x_wconf 91' lang='lat' dir='ltr'><strong>c.</strong></span> <span class='ocrx_word' id='word_1_370' title='bbox 1183 4442 1202 4504; x_wconf 88' lang='lat'>5</span> <span class='ocrx_word' id='word_1_371' title='bbox 1224 4442 1255 4524; x_wconf 67' lang='lat' dir='ltr'><strong>§i</strong></span> <span class='ocrx_word' id='word_1_372' title='bbox 1277 4443 1297 4503; x_wconf 85' lang='lat'><strong>2</strong></span> <span class='ocrx_word' id='word_1_373' title='bbox 1319 4450 1350 4504; x_wconf 89' lang='lat' dir='ltr'><strong>et</strong></span> <span class='ocrx_word' id='word_1_374' title='bbox 1369 4438 1406 4526; x_wconf 83' lang='lat'><strong>8)</strong></span> <span class='ocrx_word' id='word_1_375' title='bbox 1438 4440 1487 4503; x_wconf 90' lang='lat' dir='ltr'><strong>hic</strong></span> 
     </span>
     <span class='ocr_line' id='line_1_40' title="bbox 249 4541 1488 4628; baseline -0.006 -16"><span class='ocrx_word' id='word_1_376' title='bbox 249 4569 314 4612; x_wconf 90' lang='lat' dir='ltr'><strong>cum</strong></span> <span class='ocrx_word' id='word_1_377' title='bbox 337 4549 405 4612; x_wconf 91' lang='lat' dir='ltr'><strong>aliis</strong></span> <span class='ocrx_word' id='word_1_378' title='bbox 426 4547 551 4610; x_wconf 90' lang='lat' dir='ltr'><strong>ducibus</strong></span> <span class='ocrx_word' id='word_1_379' title='bbox 568 4553 786 4628; x_wconf 80' lang='lat' dir='ltr'><strong>compresserat</strong></span> <span class='ocrx_word' id='word_1_380' title='bbox 803 4554 834 4608; x_wconf 89' lang='lat' dir='ltr'><strong>et</strong></span> <span class='ocrx_word' id='word_1_381' title='bbox 847 4547 969 4608; x_wconf 89' lang='lat' dir='ltr'><strong>Mauros</strong></span> <span class='ocrx_word' id='word_1_382' title='bbox 983 4548 1151 4626; x_wconf 84' lang='lat' dir='ltr'><strong>subegerat.</strong></span> <span class='ocrx_word' id='word_1_383' title='bbox 1165 4545 1338 4624; x_wconf 72' lang='lat' dir='ltr'><strong>preelectum</strong></span> <span class='ocrx_word' id='word_1_384' title='bbox 1351 4541 1488 4626; x_wconf 80' lang='lat' dir='ltr'><strong>Aegypti</strong></span> 
     </span>
     <span class='ocr_line' id='line_1_41' title="bbox 248 4641 1488 4731; baseline -0.005 -20"><span class='ocrx_word' id='word_1_385' title='bbox 248 4650 341 4714; x_wconf 82' lang='lat' dir='ltr'><strong>fuisse</strong></span> <span class='ocrx_word' id='word_1_386' title='bbox 374 4669 440 4712; x_wconf 88' lang='lat' dir='ltr'><strong>eum</strong></span> <span class='ocrx_word' id='word_1_387' title='bbox 471 4649 660 4731; x_wconf 89' lang='lat' dir='ltr'><strong>perspicuum</strong></span> <span class='ocrx_word' id='word_1_388' title='bbox 692 4655 740 4709; x_wconf 90' lang='lat' dir='ltr'><strong>est</strong></span> <span class='ocrx_word' id='word_1_389' title='bbox 770 4665 808 4709; x_wconf 84' lang='lat' dir='ltr'><strong>ax</strong></span> <span class='ocrx_word' id='word_1_390' title='bbox 834 4665 860 4708; x_wconf 87' lang='lat' dir='ltr'><strong>a.</strong></span> <span class='ocrx_word' id='word_1_391' title='bbox 881 4641 939 4728; x_wconf 61' lang='grc' dir='ltr'><em>Μ</em></span> <span class='ocrx_word' id='word_1_392' title='bbox 960 4647 995 4722; x_wconf 90' lang='lat'><strong>4,</strong></span> <span class='ocrx_word' id='word_1_393' title='bbox 1026 4646 1077 4708; x_wconf 91' lang='lat' dir='ltr'><strong>ubi</strong></span> <span class='ocrx_word' id='word_1_394' title='bbox 1103 4645 1183 4726; x_wconf 91' lang='lat' dir='ltr'><strong>quod</strong></span> <span class='ocrx_word' id='word_1_395' title='bbox 1210 4643 1320 4706; x_wconf 90' lang='lat' dir='ltr'><strong>dicitur</strong></span> <span class='ocrx_word' id='word_1_396' title='bbox 1339 4643 1488 4708; x_wconf 88' lang='lat' dir='ltr'><strong>Daciaei</strong></span> 
     </span>
     <span class='ocr_line' id='line_1_42' title="bbox 250 4744 1488 4834; baseline -0.005 -18"><span class='ocrx_word' id='word_1_397' title='bbox 250 4751 365 4818; x_wconf 70' lang='lat' dir='ltr'><strong>motta</strong></span> <span class='ocrx_word' id='word_1_398' title='bbox 385 4770 451 4814; x_wconf 87' lang='lat' dir='ltr'><strong>essa</strong></span> <span class='ocrx_word' id='word_1_399' title='bbox 471 4750 560 4814; x_wconf 87' lang='lat' dir='ltr'><strong>titulo</strong></span> <span class='ocrx_word' id='word_1_400' title='bbox 580 4748 778 4834; x_wconf 74' lang='lat' dir='ltr'><strong>Aegyptiace</strong></span> <span class='ocrx_word' id='word_1_401' title='bbox 799 4747 985 4829; x_wconf 74' lang='lat' dir='ltr'><strong>prefecturae</strong></span> <span class='ocrx_word' id='word_1_402' title='bbox 1005 4765 1063 4829; x_wconf 92' lang='lat' dir='ltr'><strong>quo</strong></span> <span class='ocrx_word' id='word_1_403' title='bbox 1076 4745 1145 4828; x_wconf 89' lang='lat' dir='ltr'><strong>plns</strong></span> <span class='ocrx_word' id='word_1_404' title='bbox 1159 4744 1285 4810; x_wconf 87' lang='lat' dir='ltr'><strong>haberat</strong></span> <span class='ocrx_word' id='word_1_405' title='bbox 1299 4744 1488 4810; x_wconf 79' lang='lat' dir='ltr'><strong>auctoritatis</strong></span> 
     </span>
    </p>
   </div>
   <div class='ocr_carea' id='block_1_3' title="bbox 0 0 1812 5552">
    <p class='ocr_par' dir='ltr' id='par_1_4' title="bbox 0 0 1812 5552">
     <span class='ocr_line' id='line_1_43' title="bbox 0 0 1812 5552; baseline 0 0"><span class='ocrx_word' id='word_1_406' title='bbox 0 0 1812 5552; x_wconf 95' lang='lat' dir='ltr'><strong> </strong></span> 
     </span>
    </p>
   </div>
  </div>
 </body>
</html>
