3602 5552
312 473 352 530 84
794 474 885 532 Julius
906 475 1077 532 ceaterwelh

311 647 407 710 nlmus
428 646 458 710 iu
480 646 568 710 titulo
590 645 755 732 (Latronne
775 645 900 710 Receuil
913 655 978 710 ¹oet.
1001 667 1031 728 p.
1053 641 1114 710 376
1129 642 1208 732 sqq.)
1229 647 1404 712 Petronium
1425 647 1558 712 Mamer-

310 749 406 810 tinum
428 749 602 828 prefectum
624 748 723 810 fuisse.
767 767 861 830 neque
881 748 912 810 id
934 768 1040 810 munus
1061 767 1160 830 gerere
1180 749 1310 812 cessauit
1330 757 1401 812 ante
1415 769 1443 812 a.
1458 769 1488 829 p.
1502 750 1557 814 cb.

314 849 373 910 140
394 848 487 930 pridie
508 849 553 911 Id.
575 849 655 930 Aug.
676 869 705 930 p.
729 848 789 912 124
809 867 871 930 sqq.
904 846 939 932 (l.
955 850 975 911 l.
990 868 1039 912 nro
1054 847 1145 933 XV.)
1165 850 1218 912 sed
1239 857 1274 912 nt
1294 850 1412 913 uidetur
1428 849 1559 912 Latron-

310 949 360 1012 nio
382 947 418 1034 (l.
434 950 453 1011 l.
468 968 497 1030 p.
515 949 571 1010 131
594 946 675 1034 sqq.)
689 967 724 1010 eo
746 950 867 1011 functus
889 958 1046 1031 estusque
1067 951 1104 1012 ad
1116 970 1185 1012 ann.
1199 949 1370 1014 146-148.
1398 958 1483 1030 pater
1495 959 1559 1014 erat

310 1049 414 1113 Auidii
444 1049 525 1111 illins
552 1049 650 1114 cassii
670 1049 721 1131 qui
741 1058 861 1112 tantum
882 1051 1042 1114 tumultum
1063 1051 1278 1131 imperantibus
1299 1052 1354 1114 Pio
1375 1059 1407 1114 et
1426 1052 1468 1114 M.
1490 1053 1559 1115 An-

310 1153 415 1216 tonino
437 1151 544 1214 ciebat.
566 1171 632 1214 eum
654 1151 733 1213 enim
754 1151 887 1232 appellat
907 1151 966 1216 Dio
988 1153 1073 1216 (lass.
1095 1152 1217 1228 LXXI,
1239 1147 1490 1239 audianturque
1510 1177 1559 1216 τι-

312 1249 368 1326 νὸς
398 1247 572 1336 ἀγαπητῶς
602 1251 646 1326 εἰς
673 1247 730 1336 τὴν
750 1253 804 1336 τῆς
824 1249 988 1330 Alyairrrov
1014 1249 1192 1338 p‘yppcvlorv
1219 1252 1254 1330 ἐξ
1279 1252 1444 1340 ἐμπειρίας
1465 1252 1558 1341 ῥητο-

315 1355 402 1441 ρικῆς
432 1351 696 1440 προχωρήσανως
723 1357 806 1419 otor.
849 1374 943 1436 neque
970 1365 1084 1437 pugnat
1104 1357 1186 1418 loeus
1208 1355 1342 1420 Vulcatii
1364 1357 1513 1422 Gallicani
1533 1358 1560 1420 si

312 1467 391 1521 recte
412 1459 552 1520 scribitur
573 1467 604 1521 et
625 1458 817 1538 distinguitur
837 1453 914 1540 (Au.
936 1457 1022 1519 (lass.
1045 1477 1108 1538 cap.
1134 1457 1148 1518 l
1173 1458 1188 1539 d
1211 1455 1254 1540 l.)
1276 1455 1560 1535 Aestimemus,

312 1569 345 1620 ut
365 1559 490 1644 quidum
511 1557 629 1633 uolunt,
651 1579 688 1622 eo
702 1555 832 1645 famella
853 1553 1027 1620 Cunctorum
1045 1578 1102 1640 par
1123 1567 1383 1634 marmannorum,
1405 1581 1462 1622 ouo
1475 1561 1561 1644 perri-

313 1670 359 1722 tns
379 1657 494 1722 Auidio
516 1657 640 1736 Seuero,
663 1669 697 1722 ut
716 1659 756 1722 sit
777 1678 851 1722 auus
873 1658 937 1720 eius
959 1668 1102 1738 paternus
1133 1659 1262 1721 Auidius
1289 1659 1433 1734 Seuerus,
1465 1671 1562 1724 mater

313 1781 382 1824 nero
404 1780 442 1822 ex
462 1761 575 1822 familia
597 1760 778 1823 Cassiorum.
820 1760 866 1821 ita
886 1760 965 1822 euim
986 1759 1011 1820 si
1033 1778 1200 1833 censemus,
1226 1768 1257 1822 et
1277 1761 1410 1824 codicum
1432 1763 1562 1826 auctori·

314 1871 407 1924 tatem
429 1861 539 1942 uptIme
562 1861 727 1942 sequimur,
759 1860 808 1942 qni
836 1861 949 1923 hahent
973 1881 1031 1943 par·
1052 1880 1166 1922 murem
1187 1869 1286 1923 mmen
1306 1881 1384 1924 nouo
1405 1871 1436 1926 et
1456 1864 1562 1926 Dionis

314 1963 423 2036 uerbis,
444 1963 522 2042 quod
543 1981 661 2024 necesse
683 1971 729 2025 est
746 1981 835 2043 quum
857 1962 1021 2042 cogitamus
1042 1982 1108 2025 eum
1130 1981 1188 2024 non
1211 1963 1304 2026 molto
1326 1965 1470 2045 posthaec
1485 1973 1562 2026 tem-

314 2082 388 2144 pora
409 2062 535 2136 uixisse,
555 2061 629 2124 satis
650 2061 817 2126 tribuimus.

398 2161 464 2245 66.
509 2161 539 2224 T
535 2161 662 2225 itionum
682 2197 723 2208 -
748 2161 906 2246 proscribi.
950 2164 1007 2226 duo
1040 2163 1112 2226 mihi
1145 2163 1191 2226 his
1216 2165 1397 2244 temporibus
1426 2164 1562 2227 uiuentes

316 2263 380 2326 noti
402 2271 473 2325 sunt
495 2263 617 2326 Titiani.
661 2263 748 2336 alter,
771 2266 807 2326 Τ.
829 2264 952 2326 Flauius
984 2264 1121 2326 Titianus
1153 2265 1310 2345 praelectus
1337 2265 1470 2348 Aegypti
1498 2274 1563 2328 erat

316 2384 344 2445 p.
365 2364 421 2427 Oh.
439 2361 507 2426 126.
525 2364 572 2426 13.
595 2363 664 2426 Kal.
687 2364 762 2445 Apr.
785 2362 950 2449 (Latrorme
971 2365 1104 2428 Recenil.
1127 2365 1196 2428 Vol.
1211 2366 1227 2426 I
1241 2386 1270 2446 p.
1285 2365 1377 2450 348),
1399 2367 1477 2429 alter
1490 2387 1562 2429 con-

315 2465 362 2526 sul
384 2466 478 2528 ordin.
501 2484 567 2528 cunr
593 2466 636 2527 M.
658 2464 774 2546 Squillo
789 2464 950 2528 Gallicano
972 2484 1002 2544 p.
1024 2466 1080 2528 ch.
1105 2461 1173 2539 127,
1193 2485 1281 2547 quem
1308 2467 1441 2530 Coelium
1468 2468 1563 2530 nomi·

316 2574 370 2630 nat
400 2567 580 2630 Letrnnnius
602 2566 622 2628 l.
644 2566 664 2628 l.
686 2587 714 2648 p.
737 2564 807 2640 349,
839 2566 875 2627 Τ.
902 2564 1029 2628 Αι111ιιιιι
1061 2567 1148 2628 Fasti
1174 2566 1288 2629 Baiteri
1314 2587 1342 2648 p.
1370 2568 1562 2644 LXXXIII,

316 2667 413 2730 nescio
435 2686 509 2749 quos
530 2667 652 2749 quisque
674 2675 810 2730 auctores
831 2667 933 2729 secuti.
966 2675 1033 2730 uter
1053 2667 1158 2730 hurum
1182 2667 1229 2730 hic
1246 2669 1337 2731 inerit
1357 2669 1386 2731 in
1409 2670 1563 2732 mediore-

316 2769 446 2850 linqnere
467 2787 564 2850 cogor.
607 2788 665 2830 non
690 2767 767 2830 enirn
789 2768 930 2832 credibile
963 2778 1009 2830 est
1034 2787 1100 2831 eura
1122 2768 1211 2832 fuisse
1238 2769 1367 2832 Atihum
1393 2771 1562 2848 Titianum,

315 2890 401 2951 quem
433 2870 527 2932 sulum
560 2870 632 2932 Pius
660 2870 699 2931 ob
719 2870 909 2951 tyrannidem
930 2870 1110 2932 adfectatam
1133 2870 1315 2951 proscripsit.
1346 2871 1465 2934 uidetur
1485 2872 1562 2934 enirn

314 2971 380 3046 ille,
403 2972 486 3034 ouius
507 2971 537 3033 h.
560 2971 578 3033 l.
600 2970 711 3034 mentio
734 2972 781 3045 fit,
803 2990 892 3053 quum
914 2971 1005 3032 semel
1027 2971 1208 3052 proscriptus
1230 2980 1321 3045 esset,
1341 2971 1372 3033 id
1392 2972 1450 3034 sibi
1471 2973 1564 3034 docn-

316 3079 415 3133 mento
437 3071 548 3133 habere
570 3072 721 3153 potuisse,
742 3093 779 3134 ne
801 3072 909 3154 saepius
932 3079 1037 3135 contra
1057 3072 1205 3154 principes
1227 3072 1403 3135 coniuraret.
1445 3074 1565 3136 fuerunt

315 3179 419 3253 postea
441 3172 526 3233 multi
547 3173 661 3235 Titiani
682 3173 849 3256 (Lucienus
870 3174 1007 3254 quomod.
1029 3174 1174 3236 conscrib.
1195 3193 1220 3236 s.
1243 3173 1312 3235 hist.
1327 3194 1353 3236 c.
1368 3174 1458 3238 XXI.
1481 3174 1563 3237 Gru·

315 3270 370 3334 ter.
392 3270 464 3346 413,
487 3271 514 3334 1.
557 3274 641 3334 Fasti
662 3275 784 3336 Baiteri.
806 3275 902 3336 Index
921 3295 950 3355 p.
965 3274 1127 3337 CCXXX.
1159 3273 1250 3337 Orelli
1270 3273 1342 3338 895.
1365 3275 1466 3355 Spart.
1492 3275 1562 3338 Did.

314 3373 372 3435 Iul.
397 3371 418 3434 8
445 3380 475 3434 et
501 3371 616 3451 Digest.
645 3382 676 3435 et
703 3373 737 3435 O.
765 3374 790 3436 I.
822 3375 889 3436 uide
917 3375 1031 3438 Haenel.
1052 3376 1119 3437 Ind.
1141 3395 1170 3455 p.
1195 3372 1280 3459 134).
1323 3375 1460 3437 Titianus
1491 3395 1562 3438 uero

315 3474 364 3536 ille
385 3493 471 3555 quem
493 3473 523 3535 in
545 3473 633 3536 titulo
653 3473 683 3534 in
704 3474 814 3536 Pettau
840 3477 961 3537 inuento
983 3496 1010 3550 a.
1035 3474 1112 3537 1821
1136 3475 1314 3556 Borghesins
1334 3475 1484 3538 inuenisse
1505 3477 1563 3539 sihi

315 3576 397 3638 uisus
419 3585 465 3638 est
487 3574 600 3636 nullum
617 3573 706 3636 fuisse
721 3574 822 3636 docuit
838 3577 1039 3638 Mommsenus
1060 3576 1090 3637 in
1113 3577 1214 3638 adnot.
1237 3577 1275 3639 ad
1296 3577 1437 3657 Borghes.
1453 3576 1563 3640 Oeuvr.

315 3675 478 3758 Epigraph.
501 3674 571 3738 Vol.
592 3676 617 3736 1.
639 3693 668 3755 p.
689 3671 775 3759 534).

398 3772 463 3859 (I.
502 3773 659 3838 Vmidium
679 3771 878 3853 Quadratum.
921 3775 985 3856 quis
1007 3775 1097 3839 fuerit
1119 3776 1180 3850 his,
1202 3776 1293 3839 nescii
1308 3797 1420 3841 snmus.
1449 3779 1565 3842 inueni·

316 3899 382 3941 mus
404 3885 503 3942 autem
525 3878 556 3939 in
577 3875 680 3939 Fastis
703 3876 794 3940 alium
814 3878 857 3940 M.
880 3877 1033 3940 Vmidium
1056 3877 1245 3950 Quadratum
1267 3879 1317 3960 qui
1339 3881 1441 3942 consul
1457 3891 1522 3944 erat
1535 3901 1564 3944 a.

172 4086 180 4100 ‘
316 4082 368 4144 ciae
400 4081 553 4144 Faustinae
585 4079 693 4142 sororis
723 4082 766 4143 M.
792 4080 910 4144 Aurelii
941 4077 1100 4164 (Borghesi
1120 4080 1228 4144 Oeuvr.
1251 4082 1341 4145 Num.
1363 4082 1431 4144 Vol.
1453 4085 1485 4144 Π
1508 4083 1564 4157 13,

316 4181 376 4246 462
397 4203 439 4263 sq.
461 4182 569 4246 Oeuvr.
591 4180 691 4262 Bpigr.
713 4181 774 4242 Vol
794 4183 811 4243 I
831 4201 860 4262 p.
883 4181 942 4244 243
964 4182 1052 4267 sqq.).
1084 4182 1235 4244 inuenitur
1257 4183 1347 4245 etiam
1373 4183 1420 4244 his
1447 4192 1564 4265 tempo-

315 4284 397 4346 ribus
429 4283 568 4347 Vmidius
599 4282 719 4363 quidam
752 4283 960 4346 Terebintinus
992 4303 1100 4364 praeses
1126 4282 1248 4345 Moesiae
1270 4280 1431 4367 (Borghesi
1452 4285 1563 4348 Oeuvr.

315 4385 405 4447 Num.
427 4384 497 4446 Vol.
517 4385 534 4445 I
555 4403 584 4463 p.
606 4383 666 4444 223
688 4380 758 4466 sp).
801 4383 838 4444 de
860 4383 968 4445 Catilio
990 4384 1100 4448 Seuero
1123 4393 1153 4446 et
1174 4384 1312 4446 Turbone
1334 4384 1400 4446 uide
1421 4405 1520 4466 supra.

398 4485 413 4566 d
434 4484 464 4547 8.
506 4482 698 4546 Seruianum.
725 4484 761 4546 L.
782 4483 874 4546 Iulius
895 4485 992 4548 Ursus
1014 4485 1177 4548 Sardianus
1200 4482 1251 4568 (L.
1275 4484 1352 4547 eninr
1374 4484 1466 4548 habet
1486 4487 1562 4550 titu-

316 4583 362 4648 lus
383 4584 473 4650 Orelli
494 4584 575 4651 2336
595 4586 634 4649 ad
655 4604 742 4673 quem
764 4585 863 4650 confer
882 4585 1026 4668 Borghesi
1048 4585 1181 4652 Oeuvres
1202 4585 1364 4672 EpIgraph.
1386 4587 1456 4650 Vol.
1478 4587 1561 4673 Hp.
