3642 5548
299 549 326 604 II

302 720 425 783 occulte
457 730 489 785 et
519 723 604 804 quasi
633 721 774 785 inuoluta
794 721 946 797 iacebant,
977 741 1095 784 summa
1115 723 1340 806 perspicacitate
1361 743 1533 805 summoque

301 819 419 900 iugenio
441 823 610 904 aperirent?
650 821 711 884 iam
732 842 802 885 uero
824 842 912 904 quum
934 823 1121 905 perspicuum
1142 825 1197 899 sit,
1218 824 1244 886 si
1265 825 1308 886 ita
1321 833 1356 887 ut
1369 824 1533 904 sIgnificani

302 919 454 1002 Spartiani
475 923 511 985 de
533 923 597 985 uite
617 922 765 985 Hadriani
786 923 861 986 liber
881 933 1040 998 tractetur,
1061 923 1130 986 inde
1151 944 1209 986 non
1230 944 1354 1005 paruam
1371 924 1532 986 utilitatem

302 1021 341 1083 ad
362 1021 450 1085 huius
470 1023 658 1106 imperatoris
680 1043 726 1085 res
748 1033 848 1104 gestas
870 1042 1023 1106 moresque
1044 1033 1209 1106 tcmpomm
1230 1024 1292 1088 eius
1314 1025 1534 1106 cognoscendos

301 1141 390 1204 posse
422 1124 603 1198 redundare,
635 1125 907 1188 commentariolum
939 1124 1057 1188 institui
1087 1126 1233 1202 scribere,
1265 1145 1321 1208 quo
1349 1125 1397 1188 hic
1419 1126 1534 1206 dequo

301 1221 363 1283 dixi
394 1223 470 1286 liber
500 1225 707 1287 illustraretur.
756 1225 845 1307 idque
879 1244 936 1286 non
970 1244 1005 1287 ea
1036 1227 1187 1289 sententia
1219 1226 1292 1302 feci,
1324 1236 1357 1288 nt
1379 1244 1465 1308 posse
1488 1245 1534 1287 me

303 1322 521 1389 adolescentem
545 1325 668 1388 multum
691 1326 759 1387 noui
781 1326 889 1387 afferre
911 1326 1105 1400 confiderem,
1133 1327 1184 1389 sed
1206 1334 1256 1401 nt,
1277 1346 1343 1408 quae
1363 1326 1472 1408 ubique
1495 1326 1533 1388 ad

301 1423 394 1485 uitam
417 1425 566 1488 Hadriani
588 1426 795 1489 illustrandam
816 1425 925 1487 idonea
945 1426 1125 1502 inuenIrem,
1158 1447 1193 1490 ea
1219 1445 1277 1489 uno
1306 1427 1370 1489 loco
1396 1426 1533 1506 colligere

302 1541 433 1586 conarer.
476 1546 653 1609 quamquam
673 1526 737 1588 fieri
759 1546 817 1588 non
839 1527 952 1607 potnit,
978 1527 1048 1609 quin
1070 1546 1271 1609 saepenumero
1293 1527 1412 1590 minime
1433 1528 1463 1589 in
1483 1526 1532 1600 iis,

301 1643 408 1705 quaa
432 1626 528 1689 doctis
550 1627 621 1689 uiris
642 1636 760 1690 statuta
781 1637 882 1701 erant,
913 1627 1099 1708 acquiescere
1128 1647 1254 1710 possem.
1296 1629 1402 1710 Itaque
1425 1629 1534 1690 iactum

301 1733 349 1786 cst
379 1735 412 1789 ut
443 1747 661 1809 nonnumquam
693 1747 771 1790 nona
798 1736 829 1790 et
853 1728 991 1790 inaudita
1012 1747 1173 1811 proponere
1195 1728 1314 1803 uidear,
1347 1747 1412 1811 quae
1433 1736 1535 1791 tamen

301 1826 506 1905 probabilibus
529 1828 711 1910 argumentis
731 1829 848 1890 firmare
870 1837 995 1892 conatus
1022 1849 1104 1906 snm3
1131 1849 1226 1911 neque
1246 1829 1338 1912 siquis
1360 1849 1408 1891 me
1428 1829 1535 1891 erroris

302 1927 448 2007 arguerit,
479 1928 510 1990 id
542 1929 636 1990 ieram
667 1928 785 2009 indigne
812 1928 864 1990 sed
896 1929 1049 2010 gaudebo,
1080 1930 1160 2011 quod
1185 1929 1249 1991 lieri
1269 1948 1356 2010 posse
1377 1931 1481 2005 credo,
1502 1937 1537 1991 ut

301 2044 390 2107 quum
420 2028 478 2091 tiro
509 2029 668 2110 prodierim
700 2048 720 2091 a
750 2029 901 2092 ueteranis
929 2041 1079 2093 correctus
1105 2040 1136 2092 et
1157 2031 1280 2093 edoctus
1302 2039 1406 2113 postea
1426 2031 1457 2093 in
1477 2029 1535 2092 bac

301 2127 428 2190 scicntia
449 2149 537 2211 quam
558 2148 620 2210 prae
642 2129 748 2192 ceteris
770 2129 859 2210 diligo
882 2130 1101 2212 aliquantulum
1122 2129 1283 2212 proficiam.

382 2229 413 2291 in
436 2237 575 2292 contextu
596 2249 665 2293 uero
687 2249 775 2312 quam
797 2231 949 2294 minimum
970 2232 1102 2307 mutauI,
1123 2251 1161 2294 ne
1176 2230 1248 2293 meis
1263 2230 1439 2294 coniecturis
1455 2229 1537 2312 peior

301 2327 390 2390 ctiam
421 2330 518 2405 fieret,
550 2329 600 2412 qui
632 2331 706 2393 satis
733 2339 823 2393 antea
849 2339 896 2393 est
918 2343 1082 2414 corruptus.
1124 2340 1156 2394 et
1176 2331 1305 2394 maxime
1327 2351 1365 2394 ex
1386 2331 1536 2394 ueteribus

301 2428 462 2492 editoribus
494 2439 613 2493 secutus
646 2450 710 2494 sum
737 2430 950 2494 casaubonum
978 2431 1156 2496 Salmasinm
1178 2432 1354 2507 Gruterum,
1375 2451 1412 2494 ex
1433 2451 1537 2495 recen-

300 2529 425 2592 tioribus
457 2531 617 2593 Iordanum
650 2541 680 2595 et
711 2531 998 2614 Eyssenhardtium,
1029 2533 1080 2615 qui
1110 2553 1171 2596 una
1202 2533 1360 2595 editionem
1394 2533 1536 2595 lecerunt.

301 2630 438 2693 Petcrum
461 2633 551 2694 etiam
575 2632 713 2708 adhibui,
745 2653 921 2714 quamquam
950 2633 1056 2696 cinon
1078 2633 1199 2696 nimium
1222 2633 1329 2696 tribuo.
1372 2632 1536 2694 uarietates

301 2729 441 2795 librorum
474 2739 593 2795 tantum
624 2733 720 2796 adieci
752 2735 981 2815 Bambergensis
1013 2743 1044 2797 ct
1074 2735 1222 2809 Palatini,
1254 2733 1304 2816 qui
1325 2732 1410 2813 longe
1433 2732 1536 2812 optimi

301 2831 429 2895 omnium
453 2833 607 2896 sententiis
629 2833 806 2897 iudicantur.
854 2835 926 2897 alios
949 2835 1065 2898 codices
1087 2836 1187 2919 quales
1207 2833 1267 2897 sint
1288 2832 1338 2916 qui
1360 2851 1536 2913 cognoscere

301 2931 410 3008 uelint,
433 2934 544 2997 adeant
566 2935 715 3016 egregiam
736 2934 858 2998 Iordani
875 2935 1096 3018 praefationem.

383 3053 573 3114 speraueram
596 3037 657 3098 iore
679 3045 714 3099 ut
733 3045 831 3098 totum
853 3037 914 3099 iam
936 3057 1015 3100 nunc
1037 3035 1278 3100 commentorium
1305 3035 1440 3098 emittere
1466 3053 1537 3116 pos-

301 3152 372 3196 sem.
415 3137 491 3217 qnod
514 3135 585 3197 mihi
607 3156 664 3198 non
687 3137 825 3218 contigit,
856 3158 946 3221 quum
977 3138 1119 3219 temporis
1146 3137 1290 3218 augustiis
1316 3136 1539 3210 intercluderer,

302 3241 333 3295 et
353 3234 454 3297 multIs
476 3235 513 3297 de
535 3236 649 3312 causis,
681 3257 754 3320 quas
775 3238 825 3300 hic
847 3240 995 3320 attingere
1018 3239 1091 3301 nihil
1112 3239 1236 3312 attinet,
1266 3238 1297 3299 id
1325 3258 1394 3300 mea
1415 3239 1539 3300 referret

301 3343 335 3395 ut
366 3353 455 3416 quam
481 3335 633 3399 cclcrrImo
661 3335 891 3419 disputationem
915 3340 1042 3403 ederem.
1085 3339 1170 3402 breui
1192 3346 1291 3401 autem
1314 3338 1442 3400 alteram
1463 3353 1536 3414 quo-

302 3454 357 3516 que
387 3445 503 3516 partem
536 3437 671 3499 emittam
705 3447 736 3501 et
762 3439 939 3520 subiungam
968 3439 1025 3502 duo
1047 3440 1215 3512 Excursns,
1247 3455 1368 3518 quorum
1389 3433 1418 3493 in
1441 3432 1535 3494 altero

302 3535 504 3616 disputabitur
536 3537 572 3598 de
604 3536 756 3600 itineribus
788 3540 934 3603 Hadriani
961 3541 1054 3622 deque
1076 3538 1292 3623 prouInciarnm
1314 3553 1348 3594 eo
1369 3532 1536 3613 imperante

301 3645 398 3711 statu,
419 3637 448 3698 in
472 3637 565 3699 altero
587 3639 838 3702 demonstrabitur
858 3649 1001 3723 quantum
1025 3641 1063 3703 ad
1083 3641 1129 3702 ius
1144 3637 1229 3701 ciuile
1246 3635 1450 3698 Romanorum
1466 3651 1537 3695 con-

299 3736 482 3799 stituendum
504 3737 554 3801 hic
575 3738 678 3800 fecerit
698 3739 868 3822 imperator.

381 3837 495 3918 Scripsi
516 3838 651 3920 Vpsaliae
674 3843 752 3904 ad.
775 3844 856 3906 VIII
876 3843 921 3906 Id.
944 3843 1016 3906 Dac.
1040 3838 1299 3906 Moooonxlx.

823 4137 1016 4148 --—·—-——.

1746 3339 1753 3417 l
