3602 5552
330 485 369 544 82
812 487 901 542 Julius
923 487 1094 542 Genterwall.

330 659 372 721 nii
400 659 543 720 oriundus
571 661 631 722 Dio
654 661 740 723 Cass.
763 660 874 723 LXIX
898 660 932 723 ll
969 661 1066 721 forma
1099 675 1203 720 omnes
1235 656 1283 720 bis
1314 656 1515 739 temporibus,
1548 667 1582 722 ut

330 761 420 821 etiam
444 779 522 821 nnnc
544 781 582 823 ex
603 761 780 842 imaginibus
803 781 868 843 quae
890 769 960 822 snnt
983 769 1014 820 et
1035 758 1104 820 ellit
1128 757 1199 820 locis
1222 767 1254 820 et
1268 759 1409 830 Parisiis,
1431 767 1462 820 et
1476 759 1581 822 Romae

329 861 359 922 iu
382 859 455 922 nilla
476 861 607 935 Albani,
634 863 663 924 in
686 881 805 923 camere
827 863 954 923 rotunda
975 857 1139 932 Vaticani,
1171 857 1202 920 iu
1229 879 1331 921 museo
1353 860 1386 922 S.
1408 860 1530 922 Ioannis
1551 860 1581 922 in

329 961 484 1024 Laterano
516 962 611 1024 uideri
643 971 761 1043 potest,
794 963 880 1042 longe
913 959 1065 1042 praestitit.
1108 958 1274 1041 impensius
1302 961 1491 1023 Hadrianum
1514 981 1581 1022 eum

331 1063 472 1126 dilexisse
505 1073 646 1125 constans
675 1083 728 1144 per
758 1073 852 1127 totam
882 1063 1094 1144 antiquitatem
1122 1060 1223 1140 opinio
1249 1063 1308 1122 lert
1329 1061 1461 1145 (mothel
1484 1063 1531 1124 Vl
1552 1081 1581 1142 p.

331 1165 407 1248 630)
440 1185 535 1245 neque
569 1166 607 1225 ab
639 1164 789 1226 Hadriani
822 1185 916 1245 neque
949 1185 968 1224 a
999 1173 1168 1242 temporum
1201 1162 1332 1234 moribus
1363 1163 1394 1224 id
1428 1163 1581 1226 abhorret.

331 1266 410 1328 hunc
441 1265 472 1326 in
499 1264 671 1347 Aegyptum
700 1285 799 1327 secum
823 1267 990 1327 adduxerat
1010 1265 1039 1326 in
1063 1281 1120 1344 qno
1141 1263 1249 1325 itInere
1271 1264 1361 1326 etiam
1385 1264 1500 1327 SebIna
1522 1283 1582 1327 una

333 1385 400 1428 cnm
422 1385 457 1427 eo
479 1367 731 1448 proficiscebatur.
774 1367 928 1429 Antinous
950 1385 1019 1428 nero
1041 1364 1111 1426 Nilo
1134 1364 1258 1426 obrutus
1280 1364 1387 1444 periit,
1417 1365 1481 1426 siue
1502 1366 1581 1446 quod

333 1469 410 1528 forte
444 1467 565 1542 cecidit,
597 1476 631 1528 nt
663 1467 784 1549 scripsit
815 1467 988 1529 Hadrianus
1015 1467 1080 1546 ipse
1107 1464 1183 1549 (Dio
1206 1463 1293 1528 Cass.
1316 1465 1335 1528 l.
1358 1464 1394 1548 l.)
1416 1465 1480 1528 sino
1502 1467 1581 1548 quod

333 1568 531 1630 uoluntariam
565 1567 638 1630 obiit
667 1577 808 1641 mortem,
841 1579 875 1630 ιιι
897 1569 1032 1630 dominus
1056 1566 1119 1628 eins
1142 1585 1207 1648 qnae
1229 1569 1332 1629 futura
1353 1575 1456 1629 essent
1476 1567 1581 1642 sciret,

334 1679 368 1730 ut
390 1677 420 1730 et
442 1669 500 1730 Dio
522 1677 552 1730 et
574 1669 754 1749 Spartianus
777 1676 808 1730 et
830 1670 882 1731 alii
905 1668 990 1756 (uide
1009 1666 1142 1731 Oesaub.
1165 1673 1197 1728 et
1218 1667 1350 1729 Salmas.
1373 1667 1412 1728 ad
1435 1665 1472 1752 l.)
1500 1668 1582 1730 uari-

333 1777 427 1832 tatem
452 1771 530 1832 lerre
558 1777 677 1849 putant.
726 1779 796 1831 sunt
823 1771 913 1832 etiam
940 1771 990 1852 qui
1019 1767 1109 1853 (Aur.
1132 1767 1241 1830 Victor
1262 1768 1339 1830 caes.
1360 1767 1456 1852 XIV)
1478 1789 1584 1831 oense-

335 1879 389 1934 ant
420 1870 451 1930 id
483 1869 649 1932 Antinoum
673 1871 779 1932 fecisse
800 1879 834 1933 nt
857 1872 920 1934 nita
942 1869 1053 1933 domini
1074 1869 1304 1950 produceretur,
1337 1869 1583 1950 superstitionem

335 1980 407 2034 tuno
439 1971 622 2034 obtinentem
654 1982 790 2034 secutum
813 1992 872 2053 que
893 1973 1057 2035 credebant
1079 1970 1204 2032 alterum
1227 1969 1291 2032 uice
1312 1969 1435 2033 alterius
1457 1980 1584 2034 mortem

335 2073 417 2134 obire
449 2091 556 2151 posse,
589 2071 672 2132 cuius
704 2074 745 2133 rei
783 2073 878 2136 multa
916 2073 995 2153 apud
1028 2071 1190 2154 scriptores
1222 2071 1414 2132 inueniuntur
1446 2071 1584 2152 exempla

336 2170 484 2256 (Caseub.
508 2181 540 2234 et
561 2171 693 2235 Salmas.
716 2174 755 2233 ad
778 2172 823 2259 1.).
866 2175 924 2237 Dio
958 2175 1005 2236 cni
1036 2184 1139 2236 tamen
1172 2190 1229 2234 non
1257 2189 1376 2252 semper
1403 2173 1583 2234 credendum

336 2293 403 2336 osse
434 2273 494 2334 iarn
527 2274 665 2336 uiderunt
697 2274 887 2338 historiarum
920 2277 1082 2356 scriptores
1119 2272 1282 2357 (Merivale
1314 2271 1446 2357 passim)
1480 2284 1585 2336 narrat

336 2373 419 2436 sidus
451 2383 515 2436 tum
547 2376 671 2455 primum
692 2396 841 2456 apparens
862 2377 988 2440 Antinoi
1011 2397 1029 2438 a
1052 2374 1249 2437 familiaribus
1271 2374 1421 2436 Hadriani
1443 2385 1583 2438 nocetum

337 2475 439 2537 foisse.
488 2483 608 2538 constat
639 2497 710 2539 nero
741 2479 770 2538 in
804 2477 945 2541 honorem
980 2477 1042 2540 eins
1076 2476 1125 2539 nbi
1157 2474 1292 2554 sepultus
1324 2483 1405 2538 esset
1438 2476 1584 2539 coloniam

337 2577 447 2638 Besam
481 2577 510 2638 io
545 2578 647 2638 urbem
676 2577 847 2640 Thebaidos
869 2577 1056 2642 Hadrianum
1079 2575 1237 2639 deduxisse
1259 2576 1343 2658 eique
1365 2575 1583 2659 Antinoopoliu

337 2678 383 2742 uel
405 2677 543 2739 Antinoir
566 2697 670 2740 nomen
693 2678 836 2740 indidisse
859 2679 933 2765 (Dio
955 2679 974 2740 l.
997 2681 1015 2742 l.
1038 2677 1190 2742 Ammiau.
1212 2678 1346 2740 Marcell.
1368 2677 1467 2741 XXII
1491 2679 1538 2753 16,
1555 2680 1584 2740 2.

337 2779 453 2843 Eckhel
476 2779 522 2841 VI
544 2800 572 2859 p.
596 2779 615 2840 I.
639 2777 683 2863 l).
727 2780 848 2843 Graecas
871 2784 958 2845 urbes
981 2801 1047 2844 eum
1070 2789 1104 2842 ut
1126 2780 1212 2840 deum
1235 2778 1361 2841 coluisse
1377 2779 1586 2842 demonstrant

337 2880 424 2942 multi
456 2889 487 2942 et
513 2879 593 2941 tituli
622 2889 652 2942 ct
678 2883 768 2944 numi.
812 2893 937 2946 uocatur
959 2881 993 2944 Ο.
1016 2884 1040 2945 Ι.
1064 2881 1102 2946 G.
1125 2874 1207 2942 6007
1239 2879 1420 2965 σύνθρονος
1451 2880 1516 2944 τῶν
1548 2879 1585 2944 ἐν

339 2979 489 3067 Aryemp
512 2983 619 3056 θεῶν,
643 2992 673 3045 et
695 2991 819 3064 putatur
839 2984 868 3045 in
891 3001 1008 3066 gemme
1029 2981 1185 3048 cornelius
1205 2990 1363 3065 tamquam
1378 2983 1584 3065 Harpocrates

339 3085 546 3164 repraesentari
569 3085 602 3148 C.
625 3084 650 3144 I.
673 3083 711 3149 G.
733 3080 823 3149 7229.
868 3086 962 3151 Orelli
983 3085 1044 3149 823
1066 3105 1132 3148 com
1154 3082 1296 3167 Apolline
1323 3083 1435 3147 Heleno
1462 3103 1585 3164 compo-

340 3186 428 3248 nitur.
471 3185 500 3246 in
533 3186 628 3247 numia
661 3187 740 3266 apud
771 3188 997 3271 Adrernytenos
1030 3197 1062 3250 et
1095 3190 1258 3251 Tarsenses
1288 3187 1459 3249 ΙΑΚΧΟΣ
1483 3185 1583 3260 audit,

342 3287 421 3366 apud
442 3286 751 3349 Hadrianotherenses
774 3296 805 3349 et
826 3289 999 3372 Smyrnaeos
1022 3299 1052 3353 et
1080 3290 1153 3352 elios
1180 3291 1309 3363 ΗΡΩΣ,
1343 3288 1422 3370 apud
1450 3287 1584 3348 Tarsen-

340 3407 388 3452 ses
411 3386 470 3448 alio
493 3386 555 3448 loco
577 3388 694 3450 ΝΕΟΣ
712 3389 900 3464 aratos,
928 3391 1009 3473 apud
1035 3390 1197 3468 municipes
1222 3390 1300 3452 inter
1326 3390 1387 3451 alia
1408 3390 1507 3450 IIAN
1524 3396 1583 3450 cat.

341 3489 473 3573 (Eckhel
496 3488 542 3551 VI
564 3509 591 3568 p.
615 3488 676 3550 530
697 3508 761 3570 sqq.
804 3492 915 3554 (ichen.
939 3491 1007 3555 Vol.
1031 3493 1062 3554 II
1083 3510 1112 3570 p.
1133 3485 1210 3574 276)
1238 3491 1479 3564 Mantineenses‚
1507 3508 1584 3570 quo-

342 3610 407 3654 rum
429 3591 545 3653 colonia
565 3589 739 3670 Bithyniam
763 3600 843 3664 erat,
865 3594 1008 3673 templum
1032 3592 1059 3653 ei
1082 3599 1291 3665 extruxerunt,
1326 3591 1429 3655 addito
1456 3609 1584 3672 gymna-

342 3693 387 3754 sio
419 3702 450 3753 et
482 3691 587 3753 annuis
615 3690 708 3752 initiis
735 3699 765 3752 et
786 3692 947 3754 certamine
971 3690 1182 3775 quinquennali
1204 3691 1344 3773 (Eckhel.
1367 3691 1387 3752 l.
1410 3689 1455 3773 l.).
1497 3691 1583 3753 Nea-

343 3791 403 3874 poli
424 3793 559 3873 phratria
579 3790 804 3855 Antinoitarnm
826 3793 857 3854 iu
879 3793 1020 3856 honorem
1043 3792 1105 3854 eius
1127 3790 1266 3852 instituta
1288 3799 1320 3853 et
1346 3791 1476 3854 fortasse
1503 3799 1584 3854 tem-

342 3894 423 3975 plum
444 3902 576 3956 erectum
599 3902 645 3956 est
666 3890 749 3976 (uide
770 3897 879 3957 Franz.
902 3895 931 3956 in
954 3895 988 3958 0.
1011 3895 1035 3956 Ι.
1059 3892 1097 3957 G.
1119 3893 1190 3956 Vol.
1211 3893 1258 3954 III
1279 3912 1309 3973 p.
1330 3885 1417 3975 716).
1462 3892 1584 3956 oracula

344 4018 398 4080 per
419 4017 483 4059 enm
507 3998 581 4059 data
603 4015 668 4058 esse
690 3995 779 4057 etiam
801 3997 830 4058 id
854 3998 1022 4070 confirmat,
1056 3995 1133 4078 qnod
1157 3994 1327 4056 sacerdotes
1350 3993 1413 4056 eins
1435 4013 1583 4056 nonnum-

345 4119 434 4182 quam
466 4099 495 4160 in
529 4097 633 4159 titulus
666 4099 902 4161 ΠΡΟΦΗΤΛΙ
931 4107 1075 4162 uocantur
1107 4097 1156 4181 (0.
1178 4097 1202 4158 Ι.
1230 4094 1267 4158 G.
1296 4092 1393 4179 6007)
1426 4104 1459 4158 ut
1491 4095 1582 4158 etiam

344 4200 545 4282 Hieronymus
568 4197 713 4284 (Salmas.
736 4202 784 4263 ad.
807 4199 843 4285 l.)
866 4220 916 4262 eos
940 4200 1081 4282 appellat.
1124 4196 1249 4272 mansit,
1282 4199 1359 4279 quod
1387 4197 1491 4260 mIrum
1520 4204 1583 4269 est,

344 4301 499 4366 ueneratio
532 4307 563 4361 et
590 4300 687 4362 cultos
709 4300 851 4377 Antinoi,
884 4311 914 4364 et
936 4303 1079 4382 optimam
1102 4317 1194 4360 exeo
1217 4298 1266 4380 qui
1288 4298 1491 4360 Christianam
1513 4295 1583 4358 reli-

345 4405 459 4486 gIcnem
492 4410 595 4464 contra
627 4420 760 4483 paganos
793 4403 993 4464 defendebant
1025 4385 1210 4462 occasionem
1244 4398 1323 4462 nacti
1352 4417 1417 4460 esse
1444 4397 1502 4459 sibi
1527 4396 1583 4458 uisi

347 4515 433 4577 sunt,
464 4513 497 4565 ut
528 4501 742 4583 turpitudinem
771 4510 802 4564 et
828 4523 951 4583 prauam
980 4503 1110 4583 antiqua
1131 4499 1200 4563 fidei
1222 4499 1366 4562 rationem
1389 4499 1583 4560 ostenderent

347 4605 429 4689 (uide
451 4605 531 4667 locos
553 4606 632 4686 apud
656 4603 783 4668 Helbel.
805 4604 825 4666 l.
848 4604 867 4666 l.
890 4612 920 4666 et
941 4602 1073 4668 Casaub.
1096 4611 1126 4664 et
1147 4601 1272 4666 Salmas.
1296 4601 1315 4662 l.
1338 4599 1357 4662 l.
1380 4599 1496 4663 Haenel.
1519 4597 1538 4660 l.
1562 4598 1581 4662 l.

346 4727 376 4788 p.
397 4705 481 4791 270).
1173 4735 1176 4742 ·
