3602 5552
803 533 893 588 Julius
914 537 1083 590 Ceuterssall.

544 703 968 770 AVGAEIBAEARENTI
989 705 1076 770 SVO
1099 705 1340 772 KARISSIMO

557 807 613 868 ΕΤ
634 806 1232 880 LIBERTIS.LIBERTABVSQVE
1254 807 1328 872 Suis

525 905 805 978 SVORVMQVU
826 906 1129 980 POSTERISQVE
1150 909 1240 972 EOR
1251 955 1360 971 ......

365 1009 399 1070 Μ
412 1051 419 1068 .
432 1005 770 1071 cvmvPOGAEo
791 1008 878 1072 SVO
899 1009 1049 1072 HERED
1071 1007 1342 1074 EXTERVNON
1364 1011 1520 1092 Sequetur

405 1109 507 1172 Roma
538 1110 570 1171 in
602 1111 682 1173 Mus.
704 1109 912 1173 Borbonicum
935 1109 1030 1195 (nnnc
1050 1109 1143 1194 Reg.)
1165 1109 1281 1174 illatus.

406 1218 479 1274 ante
500 1210 629 1274 Vibium
651 1210 884 1274 Trebonianum
900 1209 1026 1274 Gallum
1043 1231 1133 1293 quum
1151 1230 1242 1274 nemo
1254 1211 1336 1273 alius
1349 1211 1449 1292 gentis
1461 1211 1566 1275 Vibim

324 1311 541 1393 imperauerit,
562 1332 624 1375 non
639 1311 792 1392 Augusti,
814 1309 1026 1396 sedrlupustrs
1038 1312 1182 1375 libertum
1195 1313 1290 1375 fnisse
1302 1311 1430 1376 Vibium
1442 1333 1566 1376 necesse

325 1422 381 1476 est.
404 1420 437 1474 et
456 1410 519 1474 ism
540 1432 560 1474 a
579 1412 742 1476 Fabrettio
764 1411 928 1494 probatum
950 1413 1136 1476 estlibertos
1148 1414 1362 1494 Augustarum
1376 1415 1504 1476 nomina
1518 1435 1568 1476 re-

325 1513 442 1596 cepisse
464 1514 565 1595 patris
587 1523 736 1596 petreum.
769 1513 861 1576 facile
877 1513 970 1576 etiam
984 1514 1166 1594 cognomina
1178 1513 1344 1578 Sabiniani
1357 1522 1388 1577 et
1399 1515 1567 1578 Matidiani

325 1618 366 1679 ad
387 1614 567 1678 notissimus
589 1613 730 1678 Matidiae
753 1615 881 1677 maioris
904 1614 986 1676 filias
1002 1613 1185 1677 referuntur.
1218 1625 1351 1697 apparet
1365 1615 1472 1697 igitur,
1486 1617 1567 1680 unde

324 1717 389 1780 filie
410 1719 454 1778 M.
477 1715 631 1778 Antonini
652 1714 750 1777 Vibia
771 1714 903 1777 Aurelia
925 1715 1061 1788 Sabina,
1083 1735 1161 1779 uxor
1184 1716 1307 1779 Claudii
1321 1717 1445 1791 Seueri,
1467 1725 1568 1780 meter

325 1817 438 1881 Anuiae
459 1817 618 1879 Faustina
641 1815 749 1878 uxoris
771 1815 934 1896 Elagabali
956 1835 1066 1878 nomen
1089 1817 1242 1880 babuerit.
1276 1818 1313 1878 de
1328 1816 1452 1880 nomine
1465 1827 1568 1882 autem

325 1918 413 1981 Iulias
445 1918 527 1999 qnod
555 1935 718 1998 perperam
741 1915 834 1978 etiem
856 1937 935 1980 nuuc
955 1917 1109 1980 Merivale
1132 1917 1152 1978 1.
1174 1917 1194 1980 l.
1217 1917 1341 1982 Sabina
1362 1918 1473 1982 tribuit
1494 1919 1566 1982 uide

325 2019 446 2083 Eckbel
477 2019 497 2080 l.
530 2017 549 2079 Ι.
584 2037 614 2099 p.
647 2017 708 2080 520
739 2036 785 2099 sq.
830 2018 870 2080 ad
902 2025 1006 2080 cetera
1027 2019 1159 2101 deniqne
1182 2019 1308 2081 nomine.
1330 2018 1469 2082 omnibus
1491 2027 1567 2082 nota

324 2120 447 2200 penitus
480 2119 694 2199 cognoscenda
726 2119 887 2181 adeundus
919 2127 968 2180 est
994 2118 1121 2182 Glinton
1145 2120 1164 2180 l.
1186 2120 1206 2182 l.
1228 2120 1348 2182 Eckbel
1370 2120 1389 2182 l.
1412 2119 1432 2181 l.
1454 2141 1484 2202 p.
1505 2122 1564 2183 411

325 2239 422 2303 usque
455 2221 495 2282 ad
527 2221 618 2282 linem
651 2221 740 2283 torni.
774 2217 881 2282 Celsen.
935 2220 1092 2300 Descript.
1125 2221 1154 2282 d.
1188 2220 1349 2282 monnaies
1381 2229 1438 2282 cet.
1470 2223 1503 2284 ΙΙ
1535 2242 1566 2303 p.

324 2342 355 2404 p.
384 2319 505 2383 1-266
529 2320 699 2395 Alcmenes⁹
730 2322 853 2385 Roman
886 2319 981 2383 Ocius
1015 2322 1030 2383 1
1057 2340 1088 2401 p.
1119 2320 1180 2382 212
1211 2341 1278 2403 sqq.
1305 2330 1337 2384 et
1357 2320 1480 2384 Indices
1502 2323 1567 2385 col-

325 2422 489 2485 lectionum
521 2421 662 2503 inscript.
695 2423 732 2485 de
764 2421 915 2484 Serviano
949 2421 1032 2483 infre
1055 2421 1241 2483 docebimus.
1263 2457 1304 2466 -
1325 2430 1443 2496 secutor
1460 2421 1568 2506 populi

326 2521 467 2586 Rocscni.
511 2523 619 2586 eodem
652 2522 742 2586 modo
776 2522 868 2584 Treb.
905 2520 1008 2584 Pollio
1041 2522 1146 2586 XXX
1177 2523 1251 2604 Tyr.
1284 2543 1308 2584 c.
1341 2523 1383 2584 24
1416 2521 1567 2586 Tetricum

325 2632 489 2686 senatorem
515 2621 624 2706 pepedi
654 2622 796 2686 Romani.
850 2621 900 2684 bis
934 2628 1035 2684 autem
1076 2621 1234 2684 uocabulis
1265 2627 1392 2686 utuntur
1431 2623 1567 2704 scripto-

325 2744 388 2799 res,
420 2731 457 2786 ut
488 2731 627 2787 senatum
650 2731 683 2787 et
708 2729 868 2786 senatores
891 2722 1014 2804 imperii
1028 2722 1170 2786 Romani
1193 2722 1374 2786 discernant
1394 2724 1434 2786 ab
1457 2724 1565 2788 ordine

326 2833 358 2890 et
394 2825 610 2888 decurionibus
648 2823 885 2905 municipiorum
928 2831 960 2886 et
997 2823 1202 2898 coloniarum,
1244 2824 1295 2905 qni
1334 2833 1365 2888 et
1402 2825 1433 2887 in
1471 2825 1566 2888 Italis

326 2926 415 3011 (uide
447 2925 623 2989 Mommsen.
655 2927 681 2989 I.
712 2927 751 2989 R.
786 2927 826 2989 N.
859 2925 958 2987 Indic.
990 2945 1020 3006 p.
1043 2924 1104 2988 480
1127 2937 1158 2988 et
1177 2926 1306 2988 Hennen
1329 2926 1348 2987 1.
1370 2926 1390 2989 l.
1413 2925 1509 2988 Indic.
1532 2946 1561 3006 p.

328 3027 386 3089 152
407 3023 468 3112 sq.)
491 3034 523 3089 et
544 3035 634 3090 extra
654 3028 780 3091 Italiam
802 3026 835 3089 in
856 3025 983 3089 urbibus
1005 3025 1125 3108 quidem
1148 3025 1335 3100 maioribus,
1357 3033 1393 3088 ut
1407 3025 1563 3107 Aquileiae

326 3128 441 3213 (Orelli
463 3127 560 3210 4041)
581 3129 713 3192 Viennae
734 3127 938 3208 Allobrogum
959 3127 1109 3212 (Caseub.
1133 3127 1173 3189 ad
1188 3126 1219 3190 b.
1235 3125 1271 3210 1.)
1283 3127 1562 3209 Zarmizegethusae

326 3228 381 3315 (A.
410 3227 455 3292 W.
477 3227 604 3312 Zumpt,
627 3231 786 3293 Honorum
811 3231 924 3310 gradus
947 3235 1005 3290 cet.
1026 3229 1059 3291 in
1085 3226 1191 3291 Museo
1212 3227 1358 3291 Rbcnano
1381 3248 1407 3290 a.
1433 3227 1511 3290 1843
1532 3248 1562 3309 p.

326 3329 402 3414 258)
433 3337 560 3393 senatus
591 3332 783 3394 uocabantur
815 3339 846 3393 et
877 3338 1036 3392 senatores
1064 3327 1197 3413 (senator
1224 3328 1382 3412 manicabit
1406 3327 1563 3413 (Tusculi)

327 3429 425 3494 Orelli
446 3425 554 3515 2270).
587 3431 745 3494 inuenitur
766 3431 799 3492 id
820 3431 853 3492 in
875 3429 1008 3510 publicis
1031 3448 1150 3509 quoque
1175 3428 1291 3492 tabulis
1313 3430 1445 3492 cersb.
1459 3431 1562 3492 Hera-

327 3531 438 3594 cleeus.
471 3550 521 3613 ap.
553 3529 621 3594 Zeti
651 3531 775 3594 Handb.
809 3531 838 3592 d.
871 3536 948 3592 rdm.
975 3528 1173 3609 Epigrapbik
1196 3531 1220 3592 I.
1242 3549 1272 3610 p.
1295 3524 1359 3613 27).
1396 3537 1481 3592 errat
1501 3529 1562 3611 igi-

326 3641 377 3696 tur
398 3631 595 3716 Merquardt,
618 3632 759 3716 (Haudb.
781 3630 810 3693 d.
832 3636 907 3692 rdm.
929 3629 1146 3692 Altertbtimer
1168 3631 1216 3692 III
1234 3631 1292 3710 lp.
1306 3629 1367 3692 364
1381 3631 1451 3693 adn.
1466 3630 1563 3714 2352)

328 3733 477 3797 Orellium
510 3739 647 3806 secutus,
684 3732 737 3814 qui
769 3749 862 3813 quum
895 3731 936 3792 ad
958 3728 1009 3790 tit.
1031 3748 1080 3792 mo
1102 3724 1182 3791 3735
1207 3731 1240 3792 II
1261 3750 1291 3811 p.
1317 3730 1374 3794 163
1396 3732 1565 3796 contendet

223 3829 230 3849 ⁸
328 3835 382 3897 uix
403 3832 536 3897 inueniri
557 3852 649 3914 posse
672 3833 867 3896 decurionem
889 3829 1045 3892 senatoris
1068 3849 1178 3893 nomen
1194 3830 1255 3893 sibi
1271 3841 1480 3912 arrogantem,
1503 3832 1562 3896 etsi

328 3935 536 3998 Decurionum
570 3933 646 3996 ordo
668 3931 938 4015 splendidissimus
960 3931 1057 3994 uariis
1079 3932 1112 3995 in
1133 3931 1209 3994 locis
1231 3941 1371 3996 senatum
1393 3953 1426 3994 se
1449 3952 1564 3998 nuncu-

328 4036 470 4119 pauerit,
490 4033 574 4097 tituli
597 4053 685 4115 quem
705 4034 772 4115 ipse
794 4033 885 4096 affert
906 4054 955 4095 n:o
978 4029 1060 4098 2279
1082 4033 1194 4098 oblitus
1217 4053 1284 4096 esse
1306 4033 1440 4098 uidetur.

410 4139 425 4220 d
446 4137 474 4199 3.
517 4145 606 4198 notes
627 4143 669 4198 est
688 4134 803 4198 Rome.
836 4134 1034 4216 Vespasiano
1050 4136 1114 4198 VII
1135 4135 1208 4198 Tito
1231 4138 1262 4200 V
1284 4155 1382 4199 conss.
1405 4155 1432 4200 a.
1456 4157 1484 4217 p.
1508 4133 1563 4200 (lh.

328 4233 378 4302 76.
400 4234 571 4317 Eutropius
594 4255 661 4299 eum
682 4235 802 4298 Italicae
824 4243 930 4298 ustum
953 4255 1021 4298 esse
1043 4237 1146 4298 refert.

411 4339 426 4420 d
458 4337 486 4400 4.
535 4333 658 4421 leirsm
691 4335 857 4398 Troianam
884 4336 1059 4420 pretorium
1090 4345 1167 4398 rone.
1215 4337 1315 4399 cirum
1346 4355 1403 4417 pro
1435 4345 1503 4397 tune
1532 4335 1564 4398 iu

330 4439 396 4502 cod.
429 4437 576 4501 Palatino
608 4435 755 4518 scriptum
787 4444 835 4499 est
868 4457 888 4498 a
919 4436 1015 4500 tertia
1046 4455 1153 4511 mann,
1183 4437 1239 4501 sed
1269 4436 1459 4500 correctione
1486 4435 1565 4498 nibil

331 4558 407 4620 opus
430 4545 486 4600 est.

413 4657 469 4701 cnr
489 4655 563 4700 nero
584 4638 714 4702 Eclrhel.
736 4637 756 4700 l.
778 4639 796 4702 l.
818 4657 849 4720 p.
870 4638 927 4699 411
943 4636 1119 4718 ¹Spartiano
1141 4635 1268 4700 laudato
1284 4643 1315 4697 et
1330 4635 1439 4700 deinde
1455 4631 1564 4698 Cleem-

328 4759 431 4826 papnp
452 4738 513 4823 (les
534 4737 691 4806 Antonius
712 4739 729 4804 1
748 4760 779 4822 p.
801 4737 877 4824 220)
898 4738 957 4804 hoc
977 4738 1174 4820 potissimum
1197 4756 1278 4806 anuo
1301 4735 1470 4806 Traianum
1482 4756 1563 4820 prs-
