3602 5552
299 542 319 597 4
795 537 885 594 Julius
907 537 1079 594 (leuterwall.

267 703 407 780 8Gallo
432 704 635 778 buente...
663 702 782 778 defuit.
822 727 891 799 quo
916 701 1058 800 quidem
1082 715 1238 803 tempore
1263 729 1343 778 cum
1364 705 1529 782 sollicitus

304 809 348 882 de
376 806 592 903 imperatoris
617 831 698 904 erga
723 831 760 878 se
785 803 928 885 iudicio,
953 802 1166 902 Vergn'lianos
1191 818 1301 880 sortes
1327 809 1527 892 consideret,

435 908 513 1005 quis
538 908 655 1004 procul
682 908 740 980 ille
765 917 882 980 autem
907 905 1012 978 ramis
1037 905 1180 1004 insignis
1207 908 1310 982 oliuae

436 1034 531 1082 sacra
556 1009 689 1082 ferens?
713 1033 817 1081 nosco
843 1007 954 1080 crines
978 1005 1166 1104 incanaque
1192 1021 1309 1082 menta

437 1110 526 1207 regis
551 1107 704 1183 Romani
729 1109 878 1207 primam
898 1107 959 1205 qui
985 1107 1119 1205 legibus
1144 1109 1266 1182 urbem
1543 1144 1560 1200 5

437 1211 612 1294 fundabit,
639 1210 787 1285 Curibus
812 1209 929 1308 paruis
957 1221 992 1281 et
1017 1233 1167 1306 paupere
1191 1223 1282 1284 terra

438 1312 563 1386 missus
588 1313 624 1386 in
649 1312 834 1411 imperium
859 1335 1023 1406 magnum
1048 1311 1103 1382 eui
1129 1310 1252 1384 deiude
1278 1310 1422 1393 subibit,

306 1438 381 1486 sors
417 1415 559 1497 excidit,
590 1439 696 1511 quam
726 1411 786 1486 alii
817 1437 860 1485 ex
886 1409 1065 1507 Sibyllinis
1091 1411 1248 1486 uersibus
1274 1413 1307 1484 ei
1331 1413 1529 1509 prouenisse

269 1515 474 1588 edixerunt.
528 1514 650 1588 habuit
680 1527 796 1587 autem
826 1512 1130 1610 praesumptiouem
1156 1514 1292 1611 imperii
1317 1539 1399 1586 mox
1423 1513 1529 1586 futuri
1790 1480 1798 1564 l

305 1642 347 1688 ex
384 1616 463 1688 fano
489 1641 626 1716 quoque
652 1613 816 1688 Niceforii
843 1612 937 1686 Iouis
964 1627 1122 1686 manante
1152 1640 1330 1712 responso,
1356 1615 1449 1711 quod
1475 1616 1522 1688 A·
1546 1647 1579 1701 10

245 1713 290 1789 ld
303 1717 473 1815 pollonius
499 1715 607 1815 Syrus
634 1716 832 1789 Platonicus
858 1713 953 1786 libris
978 1713 1050 1787 suis
1071 1714 1206 1789 indidit.
1243 1717 1390 1814 denique
1412 1715 1529 1790 statim

304 1818 512 1916 suffragante
539 1817 628 1890 Sura
653 1819 697 1890 ad
728 1814 914 1889 amicitiam
940 1813 1079 1888 Traiani
1103 1817 1291 1914 pleniorem
1308 1817 1411 1890 rediit
1428 1832 1530 1914 nepte

303 1945 365 2016 per
396 1945 547 1993 sororem
573 1917 711 1991 Traiani
735 1942 841 1990 uxore
866 1928 1016 2014 accepta,
1035 1917 1173 1991 fauente
1198 1917 1353 2002 Plotina,
1381 1917 1528 1992 Traiano

308 2021 439 2102 leuiter,
466 2034 506 2093 ut
526 2019 665 2142 plurius
690 2017 867 2092 Maximus
893 2018 993 2100 dicit,
1018 2018 1164 2092 uolente.

267 2121 291 2200 8
403 2133 615 2220 quaesturam
646 2121 753 2219 gessit
782 2118 929 2193 Traiano
955 2132 1137 2215 quateret
1161 2120 1349 2194 Articuleio
1374 2120 1523 2194 consuli·
1542 2143 1575 2202 15

303 2223 380 2296 bus.
431 2223 467 2295 in
493 2248 562 2322 qua
587 2249 666 2296 cum
691 2221 880 2295 orationem
910 2220 1125 2316 imperatoris
1151 2223 1187 2294 in
1212 2234 1334 2294 senatu
1358 2222 1525 2320 agrestius

304 2324 528 2423 pronuntians
564 2325 653 2422 risus
688 2336 796 2418 esset,
828 2322 1003 2418 usquead
1028 2346 1201 2395 summam
1226 2322 1386 2419 peritiam
1412 2335 1448 2396 et
1472 2324 1526 2396 fa-
1589 2321 1591 2328 ’

268 2426 464 2499 2oundiam
495 2425 628 2500 Latinis
659 2450 800 2522 operam
826 2422 932 2496 dedit.
985 2437 1065 2520 post
1090 2435 1300 2522 quaesturam
1325 2437 1401 2522 aqta
1426 2450 1525 2504 sena-

304 2541 361 2601 tus
393 2529 526 2601 curauit
556 2539 660 2624 atque
690 2527 734 2598 ad
760 2525 890 2598 bellum
918 2522 1086 2596 Dacicum
1113 2524 1299 2598 Traianum
1326 2525 1526 2602 familiarius

268 2633 506 2726 3prosecutus
545 2642 613 2711 ost3
649 2629 786 2725 quando
822 2625 964 2724 quidem
995 2639 1031 2697 et
1059 2626 1242 2700 indulsisse
1275 2627 1356 2699 uino
1382 2652 1419 2700 se
1445 2628 1528 2702 dicit
1543 2653 1578 2708 au

305 2729 445 2804 Traiani
469 2730 623 2803 moribus
647 2729 894 2826 obsequentem
919 2738 1023 2823 atque
1049 2727 1094 2799 ob
1119 2728 1185 2800 hoc
1199 2753 1247 2806 ,se
1272 2724 1457 2801 aTraiano
1475 2731 1526 2802 lo-

268 2833 538 2929 loupletissime
564 2843 791 2904 muneratum.
835 2828 994 2918 tribunus
1020 2828 1131 2925 plebis
1156 2829 1268 2901 factm
1293 2840 1346 2901 est
1370 2827 1527 2906 Candido

270 2937 341 3005 bet
373 2933 552 3014 Quadrato
584 2933 711 3006 iterum
736 2930 942 3004 consulibus.
996 2931 1032 3002 in
1057 2955 1126 3026 quo
1152 2931 1354 3028 magistratu
1378 2933 1423 3003 ad
1448 2957 1528 3028 per·

304 3046 447 3131 petuam
474 3034 692 3107 tribuniciam
718 3045 926 3130 potestatem
942 3057 1044 3106 omen
1061 3030 1128 3104 sibi
1145 3032 1274 3105 factum
1291 3032 1420 3105 adserit
1435 3035 1529 3131 quod

305 3135 462 3231 pmrurlas
501 3136 655 3208 amiserit
692 3134 819 3231 quibus
851 3133 902 3206 uti
927 3133 1056 3207 tribuni
1081 3133 1193 3231 plebis
1218 3134 1346 3230 pluuiae
1373 3146 1580 3232 temporem

307 3235 479 3315 solebant,
504 3236 729 3331 imperatores
753 3249 869 3308 autem
895 3259 1095 3332 numquam.
1148 3236 1239 3308 unde
1264 3235 1435 3332 hodieque
1461 3237 1529 3310 im-

270 3342 479 3432 Gperatores
512 3335 585 3407 sine
617 3335 764 3432 paenulis
797 3337 967 3432 atogatis
992 3336 1161 3408 uidentur.
1213 3336 1363 3408 secunda
1388 3339 1529 3434 expedi·

308 3437 403 3510 tione
429 3436 558 3509 Dacica
583 3435 752 3508 Traianus
781 3460 862 3507 eum
887 3436 1009 3532 primae
1033 3435 1159 3533 legioni
1183 3434 1368 3511 Minatium
1392 3462 1529 3536 praepo-

308 3536 378 3612 suit
403 3563 590 3634 secumque
615 3537 727 3618 duxit3
753 3536 891 3632 quando
923 3537 1064 3632 quidem
1090 3536 1200 3608 multa
1224 3537 1358 3634 egregia
1382 3540 1456 3613 eius
1473 3540 1528 3612 fa-

271 3643 362 3712 tou
398 3640 600 3712 clarucmnt.
651 3662 757 3734 quare
793 3637 975 3720 adamante
1012 3661 1150 3733 gemme
1181 3662 1286 3733 quam
1316 3637 1483 3714 Traianus
1508 3667 1579 3729 aao

306 3737 423 3812 Nerua
460 3750 640 3838 acceperat
677 3740 823 3811 donatus
852 3737 896 3809 ad
928 3763 1027 3835 spem
1054 3738 1278 3811 successionis
1304 3754 1438 3814 erectus
1463 3757 1525 3816 est.

271 3846 434 3939 {ipra-ator
453 3841 564 3914 factus
580 3853 634 3914 est
650 3840 715 3914 sub
735 3837 867 3913 Surano
885 3838 939 3912 bis
956 3836 1122 3912 Seruiano
1142 3837 1302 3958 [iterum]
1321 3843 1528 3926 consulibus,

266 3960 271 4001 ⁸
307 3969 386 4017 cum
426 3943 622 4016 sestertium
659 3943 765 4015 uicies
795 3943 839 4014 ad
864 3942 963 4014 ludos
989 3941 1140 4014 edendos
1165 3967 1185 4014 a
1211 3939 1357 4017 Trasano
1382 3944 1524 4040 accepit.

152 4052 158 4088 ¹
270 4047 439 4145 9legutus
474 4057 594 4142 postea
624 4044 805 4141 pretorius
834 4042 871 4115 in
910 4041 1126 4117 Pannoniam
1168 4043 1364 4119 inferiorem
1403 4045 1529 4120 missus

309 4146 484 4220 Sarmatas
515 4146 732 4242 compressit.
765 4143 981 4240 disciplinam
1006 4144 1189 4217 militarem
1215 4147 1341 4230 tenuit,
1366 4172 1527 4244 procura·
1544 4174 1579 4230 us

247 4253 294 4320 10
308 4261 400 4322 tores
435 4248 538 4322 latius
575 4259 759 4344 euagantes
797 4246 955 4318 coercuit.
1007 4246 1051 4318 ob
1089 4247 1155 4319 hoc
1186 4248 1305 4344 consul
1330 4261 1382 4321 est
1406 4249 1526 4324 factus.

310 4349 347 4421 in
372 4373 440 4446 quo
465 4347 668 4447 magistratu
692 4361 732 4421 ut
756 4372 777 4420 a
801 4344 890 4419 Sura
915 4347 1082 4445 comperit
1097 4349 1332 4444 adoptandum
1346 4375 1383 4421 se
1400 4373 1421 4421 a
1440 4348 1527 4424 Tra-

249 4456 293 4523 11
308 4450 386 4522 iano
413 4475 498 4533 esse,
521 4449 566 4522 ab
591 4449 711 4522 amicis
736 4447 874 4522 Traiani
900 4449 1099 4545 contempni
1124 4449 1228 4522 desiit
1252 4475 1293 4523 ac
1317 4450 1459 4548 neglegi.
1494 4467 1529 4525 et

309 4550 471 4623 defirneto
509 4551 651 4647 quidem
687 4548 775 4624 Sura
811 4547 949 4622 Traiani
986 4550 1018 4622 ei
1055 4550 1268 4624 familiaritas
1293 4551 1402 4624 creuit
1425 4579 1528 4626 causa

270 4651 478 4750 dpraecipue
514 4652 708 4725 orationum
743 4675 829 4751 quas
868 4677 929 4748 pro
968 4649 1173 4747 imperatore
1199 4651 1397 4726 diotauerat
1443 4679 1527 4726 usus
1543 4685 1578 4738 ω

310 4752 460 4828 Plotinae
485 4777 622 4850 quoque
647 4755 782 4836 fauore,
808 4751 905 4854 cuius
932 4752 1047 4854 studio
1065 4753 1171 4826 eliam
1186 4753 1318 4852 legatus
1335 4755 1525 4852 expeditio-
