3602 5552
320 529 359 584 80
794 533 883 589 Julius
904 533 1074 589 Gentemll.

318 703 361 766 20
381 721 434 765 nos
456 703 598 766 certiores
619 703 692 766 fecit
713 703 767 789 (-
789 704 1022 785 καταλέγεσθαι
1053 701 1089 768 δὲ
1118 700 1176 789 χρὴ
1206 703 1239 778 ἐς
1264 702 1323 784 pir
1348 701 1404 790 sels·
1430 699 1559 768 ἱππάδα

318 799 601 878 δαταααιδεααέτας
620 839 670 852 --
696 804 728 882 ἐς
759 806 795 870 δὲ
825 805 860 872 sd
892 807 1058 893 συνέδριον
1089 805 1437 889 πεπεααιειαοσιότας).
1485 807 1558 868 nihil

319 906 400 968 aliud
433 908 476 970 ait
508 907 564 969 uisi
595 906 799 990 duodeuiginti
826 930 920 973 anuos
941 910 1048 991 requiri
1071 908 1110 970 ad
1131 917 1294 991 equestrem
1317 908 1493 990 dignitatem
1515 907 1558 968 sic

318 1008 382 1070 sine
413 1008 502 1071 dubio
534 1005 705 1086 intelligens
727 1019 798 1073 ante
820 1031 885 1074 eam
908 1021 1029 1073 aetatem
1051 1029 1148 1090 neque
1170 1029 1276 1091 equum
1299 1010 1450 1089 publicum
1473 1007 1559 1070 licere

317 1109 451 1189 accipere
482 1129 576 1191 neque
604 1121 771 1191 equestrem
793 1113 951 1185 honorem,
983 1112 1101 1193 qualern
1124 1111 1234 1173 scimus
1257 1111 1350 1173 fnisse
1372 1109 1559 1192 uigintiuira-

317 1218 391 1272 tum.
434 1219 638 1274 cerumtamen
670 1211 701 1274 in
730 1213 788 1276 bae
813 1213 964 1276 reminas
987 1219 1126 1274 accurate
1149 1212 1291 1294 loquitur,
1322 1213 1400 1294 quod
1422 1231 1479 1272 non
1502 1211 1559 1272 im·

317 1311 416 1391 pletus
440 1331 535 1373 annus
557 1312 810 1376 doudeuioesimus
831 1314 1054 1396 requirebatur,
1081 1313 1135 1374 sed
1157 1313 1251 1374 initus
1272 1313 1442 1376 sufficiebat·
1464 1309 1559 1394 (quod

318 1411 416 1472 titulis
437 1412 536 1474 allatis
557 1415 703 1493 probatur
724 1417 763 1478 ab
785 1416 825 1478 A.
847 1417 899 1477 W.
920 1416 1059 1496 Zumptio
1087 1414 1288 1477 commentat.
1310 1411 1505 1496 Epigraphio.
1528 1411 1560 1472 Il

317 1530 348 1593 p.
371 1507 390 1575 7
412 1510 482 1596 sq.).
525 1514 661 1593 eiigitur
683 1524 752 1578 ante
774 1515 1093 1597 uigintiuirutumtria
1118 1521 1269 1577 meruerat
1295 1515 1461 1596 stipendia,
1492 1520 1561 1594 pust

317 1611 400 1674 illurn
432 1623 548 1694 septem
581 1615 668 1677 modo
689 1617 802 1680 militiae
824 1618 895 1679 anni
916 1618 1088 1690 restabant,
1120 1625 1155 1677 ut
1175 1616 1249 1677 mori
1271 1616 1413 1678 maiorum
1435 1613 1561 1676 satisfa-

318 1724 407 1776 ceret.
449 1721 546 1776 totam
578 1714 669 1794 igitur
698 1717 835 1780 militium
868 1737 929 1799 qua
961 1726 1032 1779 aute
1064 1725 1244 1798 quaesturam
1276 1716 1412 1796 perfungi
1438 1733 1560 1776 necesse

319 1822 398 1889 erat,
418 1813 542 1895 impleto
564 1835 643 1878 anno
665 1819 765 1880 atatis
786 1839 849 1880 suae
870 1817 1012 1898 nigesimo
1034 1818 1136 1901 quinto
1158 1816 1340 1880 absolueret.
1383 1824 1414 1878 et
1435 1815 1497 1877 ueri
1519 1815 1562 1875 si·

320 1915 388 1977 mlle
410 1923 457 1978 est
478 1916 569 1978 lilium
591 1916 647 1978 uiri
668 1919 836 1982 consularis
859 1926 891 1981 et
911 1919 1032 2000 patricii
1052 1919 1159 1981 intima
1181 1937 1246 1980 cum
1268 1918 1337 1980 Tito
1356 1916 1560 1979 familiaritate

320 2015 470 2078 coniuncti
492 2015 634 2102 (Eokhel.
657 2018 676 2080 l.
698 2019 718 2081 l.
738 2040 768 2101 p.
790 2019 884 2104 434),
916 2039 1005 2102 quum
1033 2020 1159 2100 primum
1186 2039 1239 2099 per
1260 2017 1339 2099 leges
1361 2018 1423 2079 lieri
1444 2023 1561 2097 posset,

319 2129 498 2196 quaestorem
531 2119 645 2180 facturn
677 2139 750 2183 esse.
798 2141 895 2202 neque
921 2140 993 2182 uero
1022 2121 1119 2182 elide
1141 2120 1283 2182 abhorret
1303 2117 1473 2200 insequenti
1494 2135 1560 2178 eum

320 2235 398 2278 anno
431 2227 501 2280 acta
532 2227 655 2282 senatus
687 2223 903 2303 composuisse,
937 2231 970 2282 ut
997 2231 1105 2302 postea
1126 2221 1199 2283 feeit
1219 2221 1396 2282 Hadrianus
1418 2218 1514 2303 (infra
1535 2237 1560 2278 c.

319 2318 354 2391 3,
376 2320 430 2380 cfr.
452 2321 630 2382 Mommsen.
672 2322 696 2382 l.
718 2323 756 2383 R.
779 2323 816 2384 N.
842 2317 929 2384 5879.
952 2317 1041 2384 3537.
1063 2320 1154 2384 4933.
1198 2320 1292 2384 Orelli
1314 2315 1405 2384 2274.
1437 2320 1561 2381 Henzen

319 2415 408 2482 5478.
431 2415 521 2482 5479.
543 2417 641 2495 6020,
672 2422 792 2484 titulum
826 2423 1075 2484 Concordiensem
1106 2423 1179 2483 ibid.
1205 2420 1287 2483 6485
1314 2429 1382 2494 cet,
1414 2421 1452 2483 ad
1474 2437 1561 2500 quem

318 2518 526 2600 explicandum
558 2522 720 2584 maximam
752 2525 870 2604 prabet
901 2524 1061 2585 utilitatem
1094 2525 1213 2603 Zumpt.
1241 2522 1261 2584 l.
1285 2523 1355 2603 lp.
1377 2521 1418 2584 29
1445 2539 1508 2601 sqq.
1531 2527 1563 2580 et

317 2620 397 2684 tituli
429 2639 503 2702 quos
535 2621 577 2683 ibi
609 2620 737 2708 laudat).
786 2624 907 2686 solitum
935 2625 1012 2686 enim
1037 2624 1131 2686 fuisse
1154 2643 1192 2684 ex
1212 2623 1454 2704 inscriptionibus
1477 2619 1562 2682 culli-

318 2741 386 2802 gere
419 2723 490 2784 licet
516 2741 567 2783 eos
594 2725 643 2804 qui
671 2733 779 2805 postea
799 2725 902 2787 aediles
924 2726 1040 2787 curules
1063 2724 1153 2786 futuri
1175 2733 1277 2799 erant,
1309 2732 1401 2785 antea
1423 2730 1493 2784 acta
1514 2739 1562 2782 se·

318 2832 407 2885 natus
429 2843 560 2885 curasse.
602 2826 656 2886 sed
678 2826 798 2888 etiamsi
820 2827 859 2888 ab
878 2827 954 2888 actis
976 2834 1100 2888 senatus
1123 2845 1179 2887 non
1203 2825 1307 2898 fuerit,
1339 2823 1494 2904 probabile
1517 2829 1563 2882 est

318 2943 427 2986 anuum
459 2925 536 2987 inter
568 2936 747 3007 quaesturam
781 2935 811 2989 et
843 2927 1020 2989 aedilitatem
1043 2927 1213 2989 interfuisse
1235 2926 1296 3010 (cfr
1317 2926 1389 2986 Tac.
1411 2924 1513 3004 Agris.
1536 2943 1561 2982 c.

317 3021 362 3106 6).
395 3027 557 3086 curulem
579 3047 650 3088 uero
672 3028 804 3102 aedilem,
825 3029 851 3090 si
875 3029 968 3091 aedilis
991 3029 1109 3090 omnino
1125 3027 1229 3100 fuerit,
1251 3045 1318 3089 eum
1334 3026 1425 3088 fuisse
1441 3041 1562 3086 necesse

318 3133 379 3198 est,
411 3144 500 3205 quum
533 3137 621 3206 pater
652 3129 796 3209 patricius
828 3131 981 3192 tribunum
1014 3139 1067 3192 aut
1094 3128 1207 3190 aedilem
1234 3127 1331 3208 plebis
1360 3145 1426 3188 enm
1450 3127 1561 3186 factum

318 3243 386 3285 esse
418 3227 538 3287 credere
571 3237 654 3289 uetet
686 3227 779 3312 (Plin.
802 3231 992 3313 Panegyr.9
1020 3231 1066 3292 cfr
1092 3231 1201 3310 Zumpt
1228 3227 1258 3288 in
1281 3231 1359 3290 Mus.
1381 3227 1478 3288 Rhen.
1501 3226 1520 3286 l.
1543 3224 1561 3285 l.

319 3344 346 3405 p.
369 3318 456 3408 276).
500 3345 678 3408 quamquam
710 3330 775 3390 fieri
806 3332 920 3408 potuit,
954 3340 987 3392 ut
1019 3330 1164 3392 aedilitate
1196 3329 1398 3409 pretermissa
1426 3327 1464 3388 ad
1488 3326 1563 3387 alios

208 3501 215 3516 ἡ
317 3425 423 3486 statim
446 3425 572 3487 honores
594 3429 777 3508 perueniret,
804 3433 883 3510 quod
906 3430 962 3491 hoc
983 3438 1143 3509 antequam
1167 3429 1229 3509 lege
1251 3449 1270 3491 a
1292 3429 1404 3491 Seuero
1427 3427 1564 3489 Alexan-

319 3526 371 3587 dro
398 3525 535 3610 (Lampr.
558 3546 583 3588 c.
606 3525 662 3612 43)
695 3530 941 3602 constitueretur,
974 3529 1187 3590 cousuetudine
1220 3529 1384 3591 obtinuisse
1417 3529 1477 3589 iam
1510 3527 1565 3588 do—

320 3636 445 3688 cuemnt
476 3627 658 3707 Borghesius
690 3640 721 3690 et
752 3629 908 3709 Zumptins
940 3628 1070 3711 (Oomm.
1097 3629 1264 3708 Epigraph.
1290 3630 1323 3690 Il
1350 3647 1379 3709 p.
1406 3628 1471 3711 28).
1519 3628 1564 3689 sin

319 3727 444 3808 gesserit
475 3728 665 3802 aedilitatem,
698 3730 778 3791 hand
807 3730 870 3792 scio
900 3749 937 3791 an
961 3748 1028 3790 oum
1051 3749 1127 3790 anno
1149 3729 1249 3791 aetatis
1273 3729 1414 3808 nigesimo
1436 3728 1565 3810 septimo

320 3849 387 3890 eum
409 3829 618 3908 magistratum
639 3830 779 3894 finiuerit.
824 3830 931 3912 quibus
955 3829 1103 3904 adducor,
1125 3839 1159 3892 ut
1180 3831 1300 3892 credam
1321 3849 1375 3891 suo
1398 3849 1476 3891 anno
1499 3847 1565 3890 euru

320 3939 479 4010 praeturam
514 3929 640 4005 adiisse,
673 3950 761 4011 quum
794 3932 909 4011 legibus
935 3938 1016 3993 esset
1042 3938 1207 4004 statutum,
1238 3931 1358 3992 biennio
1381 3930 1497 3992 demum
1518 3931 1566 3991 in-

319 4031 464 4112 terposito
496 4027 571 4115 (Dio
594 4030 681 4094 Cass.
703 4033 761 4093 LII
783 4030 840 4117 20)
869 4032 893 4093 ¹ii
926 4032 976 4114 qui
1007 4032 1161 4094 tribunatu
1191 4030 1274 4116 (uide
1295 4033 1474 4114 Marquardt
1494 4030 1566 4092 113

319 4151 349 4212 p.
370 4128 448 4215 264)
481 4139 527 4207 st,
560 4133 631 4214 quia
663 4134 789 4195 eundem
822 4134 887 4196 haec
914 4153 1037 4196 munera
1058 4133 1201 4196 honorum
1224 4133 1347 4213 gradum
1371 4133 1566 4203 obtinebant,

320 4231 341 4292 ii
362 4251 479 4313 quoque
501 4233 551 4314 qui
572 4233 716 4296 aedilitate
739 4235 833 4297 functi
856 4243 973 4309 essent,
1006 4235 1045 4296 ad
1066 4243 1226 4315 praeturam
1250 4235 1443 4296 eueherentur
1450 4254 1459 4310 ;
1491 4251 1567 4294 neue

320 4333 351 4393 id
382 4335 470 4396 lieret
501 4344 572 4397 ante
604 4335 675 4396 uitae
708 4353 808 4396 eorum
838 4355 947 4397 annum
969 4335 1169 4408 tricesimum,
1191 4335 1247 4396 nisi
1271 4335 1342 4416 quid
1364 4335 1400 4396 de
1422 4336 1479 4397 bac
1501 4334 1565 4413 lege

320 4433 514 4514 imperatores
547 4435 735 4498 remisissent
766 4434 829 4520 (cfr
850 4435 949 4517 Capit.
972 4436 1016 4498 M
1038 4435 1152 4498 Auton.
1176 4456 1201 4498 c.
1224 4432 1270 4521 5).
1313 4455 1377 4518 quae
1402 4455 1491 4515 quum
1521 4435 1567 4495 ita

320 4533 399 4607 sint,
430 4538 669 4617 praetorlnitp.
692 4536 826 4611 0583,
857 4537 905 4598 nel
937 4536 964 4598 si
991 4543 1064 4597 aetat
1065 4555 1110 4597 em
1137 4535 1297 4598 militarem
1321 4555 1378 4598 non
1402 4544 1472 4598 ante
1494 4553 1566 4596 sex-

320 4643 383 4696 tum
406 4635 552 4697 decimum
574 4656 686 4700 annum
709 4637 921 4718 completum
912 4636 1060 4717 incepisse
1087 4644 1244 4717 putamus,
1272 4657 1301 4718 p.
1323 4636 1378 4700 Oh.
1400 4635 1450 4698 85
1493 4635 1564 4716 quin
