3602 5552
298 515 338 571 ao
776 515 868 572 rann
889 499 1062 571 malunt

298 692 365 746 erat
385 683 497 762 negotii
517 691 552 746 ut
574 684 755 748 frumentum
776 683 922 746 exercitui
942 689 1155 763 compararent
1175 680 1299 764 (Caesar
1320 681 1358 744 de
1379 677 1460 740 bello
1474 675 1556 740 Gall.

296 783 376 844 VIII
398 781 448 846 35.
491 782 662 845 Salmasius
684 783 724 844 ad
746 783 854 846 locum.
895 782 1113 856 casaubonus,
1140 781 1191 862 qui
1213 799 1265 844 eoa
1286 799 1353 844 cum
1374 785 1441 852 sote
1461 791 1556 842 συκο-

298 879 437 964 φάνταις
458 883 591 956 confert,
612 882 702 962 plane
724 877 839 966 errat),
871 888 979 962 postea
1004 899 1075 942 uero
1102 888 1137 941 ut
1158 899 1224 961 quse
1244 879 1274 942 iu
1296 877 1460 960 prouinciis
1483 895 1557 958 ege·

296 989 401 1042 rentur
432 980 563 1062 undique
596 990 809 1061 cognoscerent
839 986 871 1041 et
901 979 1030 1060 principi
1062 987 1231 1041 nauarent
1260 977 1383 1061 (Spart.
1411 979 1496 1038 Max.
1525 981 1557 1036 et

295 1079 385 1141 Balb.
410 1080 449 1140 lo
491 1078 590 1160 Oepit
618 1079 749 1143 Macrin.
776 1079 824 1141 12.
851 1079 940 1141 Treb.
967 1077 1046 1141 Poll.
1073 1078 1180 1141 Claud.
1206 1072 1262 1162 17)
1294 1077 1395 1140 omnia
1427 1074 1556 1154 denique

297 1187 436 1258 agerent,
469 1197 536 1258 quae
567 1185 676 1259 postea
708 1197 811 1241 eorum
844 1183 948 1251 eraut,
980 1177 1033 1259 qui
1059 1179 1247 1240 uocabantur
1272 1185 1391 1260 aptatas
1411 1175 1446 1237 ia
1466 1171 1557 1236 rebus

297 1275 351 1360 (de
376 1277 414 1338 iis
442 1277 489 1338 cfr
514 1277 632 1340 Haenel.
660 1277 757 1340 indic.
785 1297 815 1358 p.
845 1273 905 1340 166
930 1295 976 1357 sq.
1019 1275 1157 1356 Bdckiug
1184 1277 1254 1340 No.
1274 1275 1343 1337 Iud.
1365 1293 1395 1354 p.
1416 1273 1465 1356 5).
1508 1271 1556 1332 bis

297 1375 389 1437 etiam
422 1375 588 1439 iniunctum
622 1384 704 1451 erat,
737 1384 772 1439 ut
791 1395 860 1437 reos
881 1375 912 1436 in
934 1394 1086 1440 carcerem
1109 1375 1253 1437 ducerent
1274 1373 1472 1457 (Marquardt
1493 1370 1513 1433 l.
1535 1369 1556 1432 l.

295 1474 367 1537 adn.
388 1473 497 1558 2252).
540 1476 646 1538 Romae
678 1476 770 1538 etiam
803 1482 892 1537 erant
924 1473 1113 1538 frumentarii
1145 1493 1212 1537 cum
1234 1472 1379 1536 militibus
1406 1468 1556 1534 coniuncti

296 1573 348 1655 qui
378 1573 529 1654 peregrini
559 1574 749 1636 uocabantur
781 1583 812 1636 et
843 1574 873 1636 in
906 1573 1011 1636 Monte
1044 1572 1148 1635 Coelio
1173 1572 1284 1635 castris
1311 1571 1556 1634 continebantur.

296 1671 343 1733 his
376 1672 467 1734 etiam
494 1674 600 1734 eadem
622 1674 743 1753 negotia
762 1681 798 1734 ut
819 1672 890 1735 aliis
911 1672 1115 1735 frumentariis
1137 1672 1213 1734 data
1234 1689 1301 1734 esse
1324 1668 1486 1732 uerisimile
1507 1676 1557 1731 est

298 1768 497 1854 (Marquardt
517 1770 537 1833 1.
559 1767 607 1855 1.).

828 2058 921 2160 Gap.
942 2057 1028 2140 ΧΠ

383 2266 449 2348 §L
491 2275 698 2347 transcamus
718 2264 753 2327 in
774 2261 909 2329 Gallium
930 2275 982 2330 cet
1024 2265 1094 2327 uide
1117 2265 1287 2328 Excursuru
1308 2265 1334 2326 1.

384 2365 416 2447 §i
438 2367 473 2439 2,
496 2366 532 2428 3.,
568 2364 638 2426 uide
661 2363 830 2426 Excursum
851 2366 882 2426 Ι.
1267 2353 1272 2358 ’

387 2463 402 2545 i
424 2464 454 2526 4.
498 2464 647 2525 derebus
669 2462 739 2524 uide
761 2465 931 2526 Excursum
953 2464 979 2526 1.
1003 2497 1043 2508 -
1063 2463 1159 2525 uerba
1181 2481 1247 2524 cum
1269 2459 1423 2525 Salmasio
1444 2480 1484 2524 ex
1503 2481 1560 2524 ue-

304 2562 419 2624 teribus
452 2562 635 2635 editoribus,
667 2563 798 2624 Iordano
831 2582 869 2624 ex
901 2561 1119 2624 recentioribus
1151 2561 1276 2643 Scriptt.
1304 2560 1385 2623 Hiat
1410 2559 1490 2644 Aug.
1515 2562 1561 2622 ita

305 2661 471 2742 distinguo:
504 2659 641 2722 omnibns
671 2657 827 2744 Hispanis
863 2661 1065 2724 Tarraconem
1095 2660 1130 2722 ia
1156 2669 1333 2724 conuentum
1358 2659 1485 2733 accae,
1506 2658 1561 2722 dc-

305 2758 470 2843 lectumqna
490 2759 673 2833 ioculariter,
694 2769 727 2822 ut
747 2759 838 2823 carbo
858 2762 927 2843 ipsu
945 2759 1033 2843 pontt
1053 2757 1179 2822 Marias
1199 2757 1374 2833 Meamne,
1394 2767 1561 2822 roccam-

305 2857 385 2920 tibus
416 2857 548 2932 Italicis,
580 2857 835 2922 uehementissime
859 2859 978 2934 cetero,
1004 2859 1174 2942 prodeam
1194 2867 1222 2922 et
1241 2866 1326 2921 caua
1345 2855 1506 2932 maduit,
1527 2864 1562 2918 ut

305 2957 347 3019 sit
378 2977 499 3020 sensus:
531 2977 623 3038 quum
650 2977 753 3020 omnes
781 2959 912 3040 Hispani
940 2958 971 3021 in
994 2967 1172 3020 conuentum
1195 2957 1296 3020 uocati
1318 2964 1423 3019 efflent
1442 2965 1473 3018 et
1493 2957 1561 3018 Ita-

306 3055 357 3118 lici
377 3057 551 3120 ioculariter
572 3057 633 3141 (ita
654 3057 733 3120 euim
756 3058 890 3132 codices,
922 3077 1018 3138 neque
1045 3057 1220 3138 probandus
1245 3057 1370 3138 Lipsius
1392 3056 1441 3137 qui
1458 3075 1562 3138 popu·

306 3153 412 3217 larius
433 3156 578 3235 scriptum
600 3155 714 3239 uoluit)
747 3157 967 3227 detrectarent,
999 3157 1090 3218 ceteri
1117 3175 1190 3220 uero
1211 3155 1344 3236 Hispani
1365 3155 1562 3217 uehementer

307 3260 339 3313 et
360 3253 455 3326 serio,
476 3255 652 3316 Hadrianus
673 3263 777 3316 ιιιιιιοιι
799 3257 936 3318 omnibus
958 3256 1121 3335 prudenter
1142 3265 1174 3319 at
1195 3263 1285 3318 caute
1307 3253 1446 3317 consulit.
1488 3261 1562 3316 suut

305 3352 357 3431 qui
390 3369 455 3412 cum
488 3352 669 3414 Gasaubouo
700 3353 827 3416 incisum
860 3361 931 3435 post
961 3353 1214 3417 achmmtissims
1239 3355 1370 3434 positum
1392 3353 1501 3425 uelint,
1527 3360 1563 3415 ut

307 3451 361 3512 liat
382 3450 548 3512 sententia:
570 3450 700 3525 Italicis,
720 3451 794 3513 iocis
816 3471 918 3515 eorum
939 3452 1074 3515 infensus
1089 3452 1280 3525 Hadrianus,
1301 3451 1562 3515 uehementissime
1679 3462 1682 3466 ’

307 3549 457 3610 consuluit
477 3547 527 3611 uel
547 3549 579 3610 iu
601 3567 653 3610 cos
674 3550 862 3612 seuerissime
883 3547 975 3633 egit),
1008 3551 1116 3613 ceteris
1141 3571 1213 3614 uero
1240 3552 1387 3633 Hispanis
1412 3558 1503 3614 caute
1531 3557 1563 3612 et

307 3647 471 3727 prudenter
491 3648 651 3710 consuluit.
694 3649 775 3730 quod
803 3649 965 3712 absurdum
994 3667 1059 3711 esse
1085 3649 1151 3730 quis
1179 3659 1226 3712 est
1246 3651 1316 3732 quin
1337 3649 1462 3712 uideat?
1495 3649 1562 3730 quit

307 3746 385 3808 enim
418 3765 559 3826 umquam
591 3747 654 3808 tale
687 3747 758 3828 quid
792 3748 871 3828 apud
897 3747 1059 3828 scriptores
1085 3747 1178 3822 uidit,
1209 3757 1244 3811 ut
1264 3747 1450 3812 mammae
1470 3747 1564 3810 atoni

307 3842 458 3908 conmlerc
489 3845 569 3906 idern
603 3846 644 3907 sit
676 3856 766 3928 atque
792 3867 894 3910 ecum
913 3847 946 3909 in
968 3844 1099 3930 aliquem
1120 3846 1271 3912 consulere
1290 3845 1340 3910 acl
1360 3849 1467 3932 apere?
1509 3845 1564 3910 sed

307 3963 345 4005 ne
367 3943 448 4023 prior
468 3944 589 4023 quidem
610 3946 763 4008 sententia
784 3965 907 4026 prorsus
928 3945 1001 4008 milri
1023 3945 1176 4010 satisfacit
1201 3955 1235 4010 et
1260 3947 1349 4009 oredo
1376 3965 1414 4009 ea
1435 3947 1503 4028 ipsa
1525 3946 1562 4008 de

308 4061 401 4104 causa
421 4042 597 4122 scriptorem
618 4043 676 4106 hcc
698 4045 762 4106 loco
784 4045 961 4126 apposuisse
982 4054 1016 4106 ut
1035 4044 1129 4108 nebu
1150 4046 1220 4129 ipso
1235 4043 1325 4130 possit
1344 4044 1470 4108 Murius
1489 4044 1564 4108 Μα-

306 4142 408 4202 nmen
430 4141 500 4222 quia
521 4142 609 4204 huius
630 4144 725 4206 uerba
746 4141 805 4206 non
827 4145 903 4206 satis
924 4143 1114 4224 intelligeret.

391 4238 534 4320 quaritur
567 4241 674 4302 deinde
706 4241 758 4324 qui
789 4243 850 4305 siut
880 4242 997 4316 Italici,
1029 4263 1154 4324 quorum
1175 4243 1226 4307 hic
1247 4242 1359 4308 mentio
1382 4243 1427 4305 iit.
1470 4250 1563 4324 utque

308 4338 499 4417 explodenda
530 4347 576 4401 est
607 4359 708 4402 eorum
740 4342 903 4416 sententia,
940 4341 992 4422 qui
1024 4343 1234 4422 cogitauerunt
1266 4343 1303 4404 de
1334 4340 1563 4418 Italicensibus;

308 4456 459 4516 nunquam
492 4438 571 4500 enim
603 4439 775 4502 italicensis
807 4441 934 4504 Italicus
962 4440 1021 4503 dici
1046 4449 1157 4520 potest.
1200 4441 1300 4504 Italici
1326 4450 1426 4504 auten
1449 4439 1565 4504 suntii

309 4534 360 4612 qui
392 4543 480 4597 extra
510 4536 635 4599 Italiam
667 4538 845 4602 habitantes
876 4539 972 4603 Italia
1002 4538 1121 4602 oriundi
1147 4549 1220 4603 sunt
1244 4540 1295 4602 uel
1314 4540 1366 4620 qui
1387 4529 1477 4602 urbes
1499 4539 1563 4601 iure

308 4630 416 4694 Italico
437 4635 584 4712 praeditas
605 4636 750 4700 incolunt
793 4638 831 4700 de
852 4637 910 4702 hoc
931 4655 1001 4701 uero
1022 4637 1087 4700 iure
1108 4639 1234 4702 multum
1257 4638 1487 4720 disputauerunt
1507 4637 1565 4702 aiei
