3602 5552
699 523 837 594 epulan
859 523 918 580 nu
939 523 1082 580 naemu.
1481 519 1520 574 ee

265 691 333 754 ticio
354 691 495 766 medicis,
516 690 727 775 haruspicibus
748 692 980 768 mahumeticis,
1008 691 1189 755 mubaniois
1215 689 1383 754 architectis
1407 686 1524 751 salaria

265 791 394 854 instituit
416 799 443 852 et
463 791 618 854 auditoria
639 792 784 866 decreuit,
816 802 844 856 et
867 791 1032 874 discipulas
1057 813 1125 854 cum
1146 792 1275 854 annonis
1293 809 1466 873 pauperum
1478 787 1524 872 fi-

266 891 337 963 lios,
359 895 448 952 modo
470 891 623 972 iuuencos,
645 892 718 952 dari
739 891 842 964 iussit,
864 912 923 972 qua
946 911 977 952 re
1000 892 1038 952 sd
1062 892 1114 952 illa
1136 911 1202 973 quae
1225 889 1411 970 aptioribus
1427 889 1523 968 Impe-

266 990 416 1052 ratoribus
438 991 603 1053 constituta
625 1002 712 1054 erant
733 992 763 1052 id
786 1010 903 1072 quoque
924 992 1075 1054 adiectum
1098 999 1162 1063 est,
1184 999 1217 1053 ut
1232 989 1386 1071 discipulis
1405 987 1523 1068 prospi-

266 1099 382 1152 ceretur
415 1110 473 1171 quo
507 1093 569 1152 fere
603 1091 642 1152 ad
675 1111 741 1154 eum
775 1099 890 1154 statum
923 1099 1099 1171 peruentum
1128 1099 1192 1164 est,
1224 1110 1282 1171 quo
1305 1102 1375 1172 post
1396 1087 1523 1150 multum

266 1198 384 1271 tempus
406 1191 528 1252 fuerunt
550 1191 639 1252 medii
667 1190 724 1253 aui
746 1191 961 1252 uniuersitates
983 1210 1048 1272 quas
1070 1201 1225 1254 uocantur.
1263 1190 1309 1252 hae
1328 1207 1399 1250 uero
1414 1206 1524 1267 puero-

266 1309 480 1353 romannonae
504 1298 601 1352 utrum
624 1311 640 1352 o
661 1292 733 1352 fisco
756 1291 863 1354 soluta
885 1291 963 1363 sint,
997 1309 1034 1352 an
1064 1309 1102 1350 ex
1130 1310 1202 1352 oros
1224 1289 1346 1369 publica
1367 1287 1448 1350 urbis
1471 1307 1523 1348 cu-

266 1391 371 1469 iusque
404 1389 566 1452 diiudicare
593 1410 653 1451 non
681 1391 789 1452 ausim.
837 1390 1053 1469 posterioribus
1075 1407 1147 1450 uero
1169 1389 1354 1469 temporibus
1376 1387 1524 1468 quomodo

267 1489 379 1550 fuerint
400 1489 462 1550 hac
484 1489 584 1550 omnis
606 1489 701 1550 uideri
723 1498 792 1568 post
814 1508 851 1550 ex
874 1489 957 1552 libris
979 1488 1052 1550 iaris
1075 1488 1188 1561 ciuilis,
1221 1507 1258 1548 ex
1280 1487 1389 1567 quibus
1413 1486 1523 1548 multos

266 1589 326 1649 iem
350 1587 430 1648 locos
453 1587 583 1650 laudaui,
626 1589 656 1648 id
679 1590 767 1650 modo
790 1589 838 1650 hio
860 1589 932 1650 addi
954 1607 1076 1650 neeesse
1099 1596 1147 1648 est
1169 1587 1273 1648 solitos
1289 1605 1355 1647 esse
1372 1585 1438 1646 illos
1452 1604 1523 1665 pro-

267 1690 394 1748 fessores
416 1688 520 1750 Romae
542 1708 561 1748 a
583 1695 689 1749 senatu
711 1687 849 1767 probari,
872 1689 939 1750 aliis
962 1696 1061 1750 autem
1084 1687 1113 1747 in
1137 1687 1260 1748 urbibus
1282 1685 1321 1746 ab
1341 1685 1444 1745 ordine
1459 1683 1523 1768 (cfr

267 1786 347 1848 locos
370 1787 536 1868 laudatos).
580 1795 611 1848 et
633 1798 792 1868 postquam
816 1787 921 1867 uiginti
944 1807 1039 1850 anrros
1067 1805 1188 1846 munere
1215 1785 1309 1847 functi
1334 1792 1438 1857 erant,
1471 1803 1523 1846 oo-

267 1886 355 1948 mites
388 1884 475 1965 primi
505 1886 617 1947 ordinis
639 1884 889 1966 fieri⁸potuerunt
910 1886 953 1972 (c.
978 1889 1004 1950 l.
1028 1907 1052 1947 c.
1075 1885 1191 1947 Theod.
1215 1884 1252 1945 de
1274 1886 1399 1963 profess.
1421 1883 1522 1964 quiin

266 1986 339 2048 urbe
361 1986 409 2047 VI
430 1987 479 2046 21.
503 2007 528 2048 o.
547 1988 559 2047 I
586 1986 803 2048 conlusore
826 1989 950 2064 profess.
970 1987 1019 2066 qui
1040 1986 1070 2047 in
1094 1987 1165 2046 urbe
1187 1985 1252 2046 XII
1277 1983 1350 2062 lu).
1395 1984 1431 2044 de
1446 2003 1523 2063 pree·

265 2085 437 2164 ceptoribus
470 2094 502 2145 et
534 2075 690 2145 auditoriis
722 2085 868 2164 quomodo
891 2086 942 2146 illo
964 2095 1100 2166 ternpore
1122 2086 1227 2146 Roma
1254 2091 1287 2145 et
1307 2083 1523 2146 Constantino·

265 2184 326 2264 poli
348 2184 491 2245 instituta
513 2185 640 2254 luerint,
661 2183 729 2245 uide
753 2183 843 2244 etiam
867 2183 901 2245 O.
927 2186 953 2244 I.
976 2187 1004 2246 2.
1028 2187 1055 2246 3.
1086 2184 1160 2246 oce.
1183 2184 1297 2245 Theod.
1321 2183 1357 2243 de
1382 2185 1461 2244 stud.
1486 2181 1522 2242 li-

267 2284 329 2345 ber.
351 2283 433 2344 XIV
454 2283 486 2356 9,
509 2283 538 2342 io
562 2282 669 2363 quibus
691 2282 958 2344 constitutionibus
981 2284 1071 2345 etiam
1095 2286 1132 2343 de
1155 2281 1308 2363 discipulis
1329 2282 1437 2361 agitur.

351 2382 436 2463 illl.
479 2379 653 2463 astroloqos.
697 2381 886 2443 notissImum
920 2391 967 2443 est
988 2384 1118 2444 uerbum
1144 2381 1312 2464 astroloqia
1337 2401 1392 2461 per
1419 2400 1521 2442 onmes

266 2481 374 2561 linguae
405 2481 524 2542 Latioae
557 2489 666 2542 aetates
693 2481 785 2542 letius
808 2482 943 2561 petuisse
957 2501 1055 2563 ,quam
1079 2501 1157 2543 nunc
1179 2482 1296 2542 obtinet
1316 2501 1387 2542 usus
1409 2489 1442 2542 et
1463 2500 1521 2543 non

265 2581 361 2642 solum
383 2581 465 2643 illam
488 2581 732 2662 superstitionem
754 2582 807 2642 sed
830 2581 919 2642 etiam
943 2583 1071 2645 siderum
1095 2589 1193 2642 motus
1215 2581 1447 2660 coelestiumque
1470 2599 1522 2640 rae

265 2681 380 2742 tionum
402 2680 560 2743 scientiam
589 2681 851 2761 comprehendisse
879 2680 942 2764 (cfr
962 2682 1024 2744 oie.
1047 2682 1084 2742 de
1108 2680 1200 2742 dluin.
1223 2682 1273 2741 42.
1316 2679 1395 2741 Plin.
1419 2681 1458 2741 H.
1481 2680 1520 2741 N.

269 2779 316 2842 18.
339 2779 388 2842 25.
432 2780 520 2842 Seru.
544 2781 582 2842 ad
604 2780 683 2841 Aen.
705 2775 829 2864 1⁷45).
874 2781 1066 2844 astronomia
1092 2799 1161 2842 uero
1184 2799 1256 2842 uoce
1278 2779 1375 2841 rarius
1397 2788 1523 2841 utuntur

267 2879 438 2960 scriptores.

780 3172 869 3274 etp.
890 3171 1008 3252 xru.

351 3381 417 3463 §L
461 3400 549 3464 quem
580 3377 738 3461 capitalem
769 3378 922 3443 babuerat.
966 3381 985 3444 i.
1014 3400 1040 3444 e.
1068 3401 1095 3464 q.
1121 3381 1272 3445 inimicum
1300 3383 1463 3464 capitalem
1490 3383 1520 3446 h.

267 3480 314 3543 cfr
335 3480 436 3542 Plaut.
459 3481 552 3541 Poen.
575 3477 610 3550 4,
632 3481 668 3552 2,
690 3474 740 3542 57.
785 3481 846 3543 Cic.
870 3481 960 3543 Catil.
986 3482 1018 3556 I,
1040 3483 1069 3543 2.

351 3582 365 3662 i
388 3582 417 3642 3.
460 3577 658 3641 saturnalicia
680 3587 707 3641 et
728 3579 915 3662 sipillaricia.
959 3582 1071 3661 optime
1091 3591 1125 3644 ut
1147 3582 1227 3644 solet
1252 3583 1288 3643 de
1314 3581 1520 3643 saturnalibus

264 3687 295 3741 et
316 3679 499 3759 sigillaribus
522 3680 617 3760 deque
640 3681 823 3741 munusculis
845 3701 911 3762 quae
933 3681 994 3742 illis
1017 3681 1123 3743 diebus
1146 3682 1224 3743 mitti
1240 3682 1394 3754 solebant,
1416 3681 1521 3763 dispu-

226 3849 229 3858 .
264 3781 343 3842 teuit
364 3779 591 3860 Marquardtius
613 3780 660 3841 IV
682 3799 710 3858 p.
733 3779 795 3842 459
817 3800 897 3862 sqq..
920 3782 1002 3842 cuius
1025 3780 1101 3843 liber
1123 3800 1214 3862 quum
1235 3781 1265 3841 in
1295 3781 1425 3843 omniun
1455 3799 1520 3842 ma-

264 3879 353 3940 nibus
385 3879 426 3939 sit
451 3899 546 3961 neque
574 3880 614 3941 ad
643 3899 679 3940 ea
700 3899 766 3960 quae
789 3880 866 3940 dixit
887 3881 1050 3962 quidquam
1074 3881 1244 3942 addendum
1267 3889 1320 3942 aut
1342 3881 1519 3942 mutandum
1596 3899 1598 3904 ’

263 3978 444 4053 habeamus,
466 3980 516 4060 qui
539 3979 601 4041 haeo
623 3979 740 4058 penitus
763 3998 940 4059 cognoscere
968 3980 1055 4053 uelit,
1077 3981 1116 4041 ad
1139 4001 1205 4042 euin
1228 3980 1386 4042 reiicimus.

346 4078 413 4159 Μ.
457 4079 499 4139 ad
531 4077 796 4160 deprebendendas
823 4114 864 4126 -
890 4079 1068 4163 siqmutibus
1093 4116 1131 4126 -
1158 4080 1246 4142 iussit
1270 4079 1393 4162 adponi.
1436 4079 1520 4141 uarie

263 4176 341 4238 huno
363 4178 458 4240 locum
482 4179 562 4240 docti
585 4178 640 4239 uiri
662 4187 868 4241 teutauerunt.
913 4180 1113 4242 casaubonus
1130 4179 1248 4262 plureis
1269 4178 1332 4240 suis
1353 4177 1520 4261 sumptibus

262 4277 367 4339 scribit
389 4285 421 4338 et
443 4298 480 4338 ea
503 4279 595 4340 uerba
617 4299 636 4339 a
657 4277 802 4358 scriptore
826 4279 947 4341 adiecta
979 4299 1045 4342 esse
1078 4287 1181 4360 putat,
1213 4277 1285 4358 quia
1312 4297 1369 4338 uon
1399 4299 1519 4359 semper

260 4376 362 4457 plures
396 4378 518 4457 pauerit
550 4377 726 4439 Hadrianus
760 4378 810 4459 qui
843 4379 945 4458 paullo
977 4387 1047 4442 ante
1074 4395 1192 4439 summa
1217 4376 1374 4456 diligentia
1400 4379 1517 4442 cauisse

261 4483 402 4538 narretur
424 4497 461 4537 ne
484 4477 554 4557 quid
576 4477 704 4539 otiosum
728 4483 875 4557 pasceret.
919 4477 1089 4541 Salmasius
1104 4495 1174 4536 uero
1189 4474 1367 4554 optimorum
1383 4478 1518 4541 codicum

260 4574 443 4655 scripturam
475 4595 543 4634 curn
564 4573 710 4656 plurimis
731 4573 928 4637 summatibus
950 4575 1073 4638 retinuit
1094 4574 1184 4654 idque
1207 4574 1372 4653 explicarit
1393 4585 1428 4638 ut
1449 4579 1518 4640 Hi-

261 4673 385 4735 ddecus
407 4692 473 4735 oum
495 4673 675 4753 primoribus
697 4672 766 4756 (eos
786 4673 915 4736 Plautus
938 4684 970 4736 et
991 4673 1042 4756 qui
1062 4672 1125 4734 eius
1154 4673 1352 4737 elocutionem
1378 4676 1517 4740 Imitatus

1344 4775 1383 4840 12
