3602 5552
328 529 369 588 38
805 532 896 588 Iulius
917 532 1086 588 hinnali

408 704 462 766 sed
493 705 700 785 pulcherrima
731 704 801 768 Irnic
824 703 945 766 testium
966 701 1130 766 concordie
1151 721 1228 765 unns
1247 702 1298 764 ille
1319 701 1425 766 titulus
1445 704 1563 778 obstat,

326 805 362 866 de
394 823 451 885 qno
483 825 574 886 snpra
605 805 696 868 locuti
727 825 846 879 snmus,
877 803 982 885 utqui
1003 802 1256 866 nullamentinne
1277 803 1375 865 nrarii
1396 805 1480 866 lacta
1499 803 1564 866 lisoi

326 905 413 966 modo
435 905 539 968 debita
559 913 776 968 commemoret.
818 905 900 988 qnod
922 913 953 966 et
974 911 1079 966 nonna
1099 903 1276 984 scriptorum
1297 903 1386 966 Iidem
1407 913 1439 964 et
1460 911 1565 966 eontra

325 1004 356 1066 id
377 1005 454 1086 quod
477 1006 578 1069 multis
600 1007 637 1068 de
658 1005 757 1069 causis
779 1005 1023 1069 uerisimillimnm
1044 1011 1091 1066 est
1111 1004 1162 1066 nni
1181 1003 1270 1066 titulo
1291 1023 1351 1066 non
1372 1011 1419 1066 est
1440 1005 1565 1066 creden·

326 1105 405 1167 dnm.
449 1114 480 1168 et
500 1107 586 1170 facile
608 1105 752 1188 explicari
772 1113 872 1186 potsst
892 1106 956 1168 hac
977 1103 1074 1166 aerarii
1095 1103 1221 1178 obliuio,
1253 1123 1342 1186 qnam
1363 1105 1482 1179 Romae,
1514 1104 1565 1167 nbi

325 1206 431 1269 titulus
462 1207 512 1269 ille
544 1216 623 1283 eret,
656 1207 767 1271 fiscalis
788 1207 936 1288 prmoipne
957 1204 1091 1287 pecunim
1113 1205 1247 1268 remissio
1268 1214 1355 1286 grata
1376 1214 1455 1269 esset
1476 1225 1565 1288 quum

326 1307 398 1369 orbs
419 1308 524 1370 aerario
546 1327 603 1370 non
626 1317 787 1372 teneretur.

409 1408 445 1469 de
465 1409 571 1471 aronio
592 1409 717 1490 deniqne
737 1407 839 1490 populi
860 1415 979 1470 tentum
1000 1406 1057 1468 hoo
1078 1405 1143 1467 loeo
1165 1406 1213 1486 api
1233 1423 1291 1468 non
1307 1407 1345 1468 ds
1359 1407 1482 1470 militari
1497 1427 1567 1488 per-

325 1508 459 1589 spicuum
480 1517 543 1584 est,
564 1528 652 1591 qnnm
673 1509 730 1571 hoc
752 1508 881 1570 maxime
903 1508 1048 1570 niteretur
1069 1505 1202 1568 subsidio
1214 1507 1404 1586 uectigalium
1417 1509 1566 1572 uicesima

326 1608 527 1672 hereditatum
550 1617 581 1670 st
601 1610 767 1689 legatorum
795 1608 869 1692 (Dio
892 1609 976 1671 Cass.
999 1607 1057 1668 LV
1079 1604 1151 1690 25),
1184 1607 1352 1671 centesImae
1378 1609 1426 1671 nel
1455 1609 1567 1673 dueen-

326 1709 440 1771 tesimae
461 1729 559 1772 rerum
581 1709 732 1772 uenalium
754 1707 842 1792 (Tac.
865 1708 946 1770 Anu.
969 1703 1053 1771 178.
1076 1707 1120 1768 cir
1140 1709 1172 1770 11
1192 1707 1242 1768 48.
1275 1709 1332 1770 DIo
1354 1709 1439 1772 Cass.
1461 1709 1567 1772 LVIII

328 1808 376 1872 16.
409 1808 492 1872 Suet
515 1809 611 1889 Onlig.
635 1809 705 1893 16),
738 1809 988 1890 quinquagesimae
1020 1808 1066 1870 nel
1093 1809 1204 1889 quinte
1231 1819 1262 1870 et
1283 1809 1432 1872 uicesima
1453 1809 1569 1872 manci-

326 1909 441 1990 piorum
465 1910 613 1972 uenalium
636 1909 710 1992 (Dio
732 1910 818 1972 (lass.
840 1909 899 1972 LV
920 1911 970 1971 31.
992 1907 1089 1972 Orelli
1110 1907 1201 1972 3336.
1224 1909 1295 1970 Tac.
1310 1909 1390 1972 Ano.
1405 1911 1488 1974 XIII
1501 1910 1569 1994 31).

326 2029 391 2091 qua
412 2009 513 2072 omnia
533 2010 678 2072 eiusmodi
700 2016 801 2082 erant,
824 2017 858 2071 nt
879 2029 937 2071 non
960 2009 1048 2073 facilc
1070 2028 1108 2070 ex
1127 2005 1170 2070 iss
1190 2008 1306 2090 reliqua
1326 2011 1390 2073 lieri
1411 2018 1544 2091 possent.

407 2109 535 2172 similem
556 2111 735 2192 reliquorum
757 2109 963 2172 remissionem
980 2116 1124 2190 postona
1144 2110 1187 2170 II.
1209 2108 1362 2171 Antonino
1385 2112 1498 2174 iactam
1519 2120 1568 2174 te-

326 2217 425 2271 stator
445 2210 504 2272 Dio
527 2211 614 2273 Cass.
636 2211 747 2274 LXXI
768 2212 809 2274 32
829 2209 930 2274 andrai
955 2231 987 2274 ae
1013 2207 1130 2293 ἔπραξε
1156 2207 1360 2294 (largitionem
1382 2212 1492 2292 populo
1514 2212 1568 2274 de·

326 2309 386 2396 dit)
408 2315 463 2372 ani
486 2319 548 2384 ωῐς
568 2306 732 2396 dpelloool
752 2333 781 2375 ar
801 2312 846 2398 api
865 2311 1024 2397 βασιλικῷ
1044 2315 1100 2375 καὶ
1120 2309 1165 2372 τῶ
1185 2308 1324 2396 δημοσίῳ
1351 2312 1433 2376 πᾶσι
1460 2310 1568 2378 πάντα

324 2408 364 2474 nsi
385 2408 579 2495 ὀφειλόμενα
601 2409 725 2498 ἀφῆκεν
747 2408 814 2478 α’πὸ
834 2412 914 2478 ἐτῶν
934 2416 970 2492 ἕξ
990 2419 1045 2477 ani
1065 2411 1299 2496 τεσσαράκοντα
1319 2417 1413 2496 χωρὶς
1434 2415 1499 2480 sair
1511 2413 1566 2478 da-

326 2515 458 2578 medaea
477 2519 533 2579 τοῦ
554 2513 722 2600 Αδριανοῦ
742 2514 848 2581 aad.
883 2519 921 2578 de
944 2536 1022 2579 anno
1044 2535 1115 2577 nero
1136 2533 1193 2596 quo
1216 2515 1271 2577 boc
1292 2517 1406 2578 lactum
1428 2517 1478 2589 sit,
1500 2537 1566 2580 am·-

325 2617 445 2698 bIgitnr.
476 2619 623 2680 Eusebius
645 2619 723 2680 enim
745 2618 784 2679 ed
805 2637 913 2681 annum
936 2637 965 2699 p.
981 2617 1036 2680 (lh.
1055 2611 1112 2678 177
1125 2615 1156 2678 id
1177 2616 1281 2688 refert,
1303 2616 1381 2697 quod
1402 2635 1460 2680 non
1475 2638 1494 2679 a
1507 2619 1566 2680 lide

327 2720 475 2780 abhorret.
511 2719 536 2780 si
558 2739 628 2781 nero
649 2719 694 2781 ila
709 2727 771 2792 est,
794 2737 916 2781 necesse
931 2726 977 2780 est
998 2717 1184 2780 Hadrianum
1200 2715 1327 2778 alteram
1342 2725 1447 2797 postea
1462 2717 1567 2782 iecisse

326 2821 529 2882 remissionem
550 2820 694 2882 tredecIm
716 2839 876 2894 annorum,
908 2839 996 2901 quum
1020 2819 1107 2880 aliter
1133 2817 1159 2878 is
1181 2835 1325 2880 annornm
1347 2837 1485 2882 numerus
1508 2838 1564 2880 non

326 2921 527 3000 compleatur,
558 2921 630 3002 quia
661 2941 719 2984 oon
752 2920 911 2983 nerisImile
938 2928 985 2984 ost
1010 2939 1077 2982 eum
1105 2918 1154 3000 qui
1175 2918 1374 2999 quadraginta
1395 2939 1451 2981 sex
1472 2937 1567 2982 annos

326 3021 463 3083 remittat
484 3021 610 3102 reliquos
633 3023 724 3084 etiam
747 3041 805 3084 non
828 3021 1019 3084 remissurum
1035 3020 1135 3084 inisse.
1168 3017 1303 3098 Scaliger
1316 3019 1446 3082 sedeeIm
1463 3039 1566 3094 annos,

326 3139 448 3200 quorum
470 3121 585 3202 reliqna
606 3123 771 3186 abolenerit
792 3123 964 3186 Hadrianus
986 3121 1301 3205 quindecinorum,
1324 3127 1354 3181 el
1369 3121 1568 3202 qnadraginta

327 3239 380 3282 sen
398 3239 495 3280 ennos
517 3224 559 3282 M.
581 3221 728 3286 Antonini
749 3223 1097 3305 quadragintaquinque
1119 3229 1237 3286 oneum
1260 3241 1325 3282 esse
1346 3231 1443 3301 putat,
1465 3230 1566 3301 poste-

327 3320 412 3382 rioris
427 3321 570 3400 temporis
584 3322 775 3386 indictionum
792 3341 913 3397 mernor,
928 3323 1007 3404 quod
1021 3342 1057 3384 eo
1072 3322 1167 3385 minus
1182 3341 1281 3384 nermo
1297 3330 1354 3394 est,
1377 3341 1464 3403 quum
1481 3322 1568 3386 huius

317 3420 385 3484 nni
405 3419 584 3482 indictiones
606 3441 663 3483 non
686 3422 754 3503 plus
776 3423 878 3484 decern
902 3440 995 3484 annos
1017 3421 1275 3502 comprehendisse
1288 3428 1368 3484 recte
1383 3422 1567 3486 concluditur

328 3539 367 3584 ex
386 3521 423 3584 L.
444 3522 465 3584 4
485 3540 529 3602 pr.
558 3521 681 3602 leian.
704 3523 741 3582 de
768 3521 879 3583 oensib.
902 3523 940 3583 D.
962 3520 1011 3582 50.
1034 3521 1080 3584 tit.
1101 3521 1147 3582 15.
1191 3520 1389 3602 Gregorouius
1415 3523 1567 3586 remissio-

329 3643 396 3685 nem
418 3622 515 3684 Marci
537 3641 614 3684 enno
639 3621 697 3684 164
718 3622 830 3682 factem
852 3639 919 3682 ease
941 3629 1039 3700 putat.

410 3743 468 3806 quo
488 3722 585 3804 inopis
606 3723 749 3785 samnitas
770 3720 905 3784 omnium
925 3719 1116 3783 roboraretur
1137 3723 1182 3784 olr
1204 3721 1281 3800 quod
1302 3721 1452 3786 inuenitur
1472 3725 1503 3787 in
1525 3725 1566 3788 ti-

328 3824 390 3888 lulo
405 3843 483 3906 saepe
496 3823 634 3886 laudato:
649 3823 739 3886 NON
752 3820 1033 3886 PRAESENTES
1047 3820 1167 3886 MODO
1182 3819 1264 3884 SED
1278 3821 1333 3884 ET
1347 3822 1568 3892 Posrossos

329 3924 436 3990 SVOS
457 3923 711 3988 PRAESTITIT
733 3923 821 3988 HAG
843 3921 1161 3986 LIBERALITATE
1181 3921 1382 3988 SEGVROS.

411 4020 476 4106 §L
518 4025 728 4088 damnatorum
760 4023 838 4088 boae
869 4023 902 4087 ia
925 4025 1039 4112 flocum
1066 4026 1224 4109 priuatum
1253 4024 1352 4106 oedipi
1375 4025 1466 4090 uetuit
1486 4027 1568 4090 omaa‘

328 4148 446 4190 camma
476 4125 511 4188 irs
541 4125 650 4190 orosto
678 4124 798 4210 publico
828 4135 955 4209 receptes.
1004 4127 1122 4190 dubitat
1143 4123 1356 4200 Oasnubonnn,
1383 4135 1482 4190 ntrnrn
1503 4128 1567 4190 hnc

329 4229 424 4290 uerba
445 4228 481 4290 de
503 4227 589 4290 bonis
612 4227 741 4290 omnium
763 4227 970 4290 damnatorum
992 4227 1166 4308 accipienda
1187 4226 1263 4302 sint,
1285 4247 1323 4290 an
1346 4228 1382 4289 de
1399 4228 1484 4291 bools
1499 4227 1567 4291 illo-

329 4349 394 4391 mm
415 4337 534 4391 tentum
552 4336 679 4410 quatuor
701 4326 917 4402 consularium,
949 4347 1071 4409 quornm
1098 4328 1195 4392 caedes
1223 4347 1315 4408 snpra
1337 4337 1568 4392 commemorata

331 4438 392 4505 est;
414 4450 502 4510 quern
524 4429 665 4492 iniustam
688 4446 753 4489 esse
768 4427 983 4492 dubitationem
998 4436 1088 4509 putat
1104 4428 1281 4492 Salmasius.
1311 4431 1364 4494 sed
1384 4430 1566 4494 nullomodo

331 4529 402 4591 illud
434 4530 498 4592 hnc
526 4529 691 4609 significare
720 4535 845 4609 possunt
869 4529 975 4604 uerba,
1006 4547 1095 4610 quum
1117 4528 1329 4592 connexionem
1350 4529 1564 4596 sententiarum

331 4629 473 4691 uidemus.
515 4630 591 4692 talia
621 4629 711 4711 igitur
742 4630 823 4692 bona
851 4628 1014 4711 antiquitus
1041 4628 1080 4690 ad
1094 4628 1230 4694 aerariurn
1251 4628 1353 4710 populi
1374 4631 1567 4711 pertinebant

331 4728 500 4813 primusque
522 4730 673 4806 Tiberius,
695 4749 785 4813 quum
806 4727 948 4794 Seianum
969 4729 1141 4805 occidisset,
1164 4729 1242 4792 bona
1263 4729 1325 4793 eins
1340 4731 1446 4794 sarano
1461 4732 1566 4794 abatu-
