<?xml version="1.0" encoding="UTF-8"?>
<!DOCTYPE html PUBLIC "-//W3C//DTD XHTML 1.0 Transitional//EN"
    "http://www.w3.org/TR/xhtml1/DTD/xhtml1-transitional.dtd">
<html xmlns="http://www.w3.org/1999/xhtml" xml:lang="en" lang="en">
 <head>
  <title>
</title>
<meta http-equiv="Content-Type" content="text/html;charset=utf-8" />
  <meta name='ocr-system' content='tesseract 3.04.00' />
  <meta name='ocr-capabilities' content='ocr_page ocr_carea ocr_par ocr_line ocrx_word'/>
</head>
<body>
  <div class='ocr_page' id='page_1' title='image "./spartianivitaha00centgoog_0087.png"; bbox 0 0 3602 5552; ppageno 0'>
   <div class='ocr_carea' id='block_1_1' title="bbox 311 469 1188 572">
    <p class='ocr_par' dir='ltr' id='par_1_1' title="bbox 311 469 1188 572">
     <span class='ocr_line' id='line_1_1' title="bbox 311 469 1188 572; baseline 0.008 -7"><span class='ocrx_word' id='word_1_1' title='bbox 311 507 351 566; x_wconf 85' lang='lat' dir='ltr'><strong>rs</strong></span> <span class='ocrx_word' id='word_1_2' title='bbox 787 514 877 570; x_wconf 70' lang='lat' dir='ltr'><strong>rma</strong></span> <span class='ocrx_word' id='word_1_3' title='bbox 898 515 1070 572; x_wconf 64' lang='lat' dir='ltr'><strong>marvan</strong></span> <span class='ocrx_word' id='word_1_4' title='bbox 1103 469 1139 526; x_wconf 77' lang='lat'><strong>·⁰</strong></span> <span class='ocrx_word' id='word_1_5' title='bbox 1168 499 1188 554; x_wconf 77' lang='grc'><strong>’··--</strong></span> 
     </span>
    </p>
   </div>
   <div class='ocr_carea' id='block_1_2' title="bbox 1117 583 1249 636">
    <p class='ocr_par' dir='ltr' id='par_1_2' title="bbox 1117 583 1249 636">
     <span class='ocr_line' id='line_1_2' title="bbox 1117 583 1249 636; baseline 0 -10"><span class='ocrx_word' id='word_1_6' title='bbox 1117 583 1180 636; x_wconf 48' lang='lat' dir='ltr'><strong>tet-s</strong></span> <span class='ocrx_word' id='word_1_7' title='bbox 1230 585 1249 620; x_wconf 55' lang='grc' dir='ltr'><em>ἃ</em></span> 
     </span>
    </p>
   </div>
   <div class='ocr_carea' id='block_1_3' title="bbox 309 679 1551 766">
    <p class='ocr_par' dir='ltr' id='par_1_3' title="bbox 309 645 1551 766">
     <span class='ocr_line' id='line_1_3' title="bbox 309 679 1551 766; baseline 0.003 -24"><span class='ocrx_word' id='word_1_8' title='bbox 309 679 443 760; x_wconf 88' lang='lat' dir='ltr'><strong>gulararu</strong></span> <span class='ocrx_word' id='word_1_9' title='bbox 463 681 561 758; x_wconf 90' lang='lat' dir='ltr'><strong>illum,</strong></span> <span class='ocrx_word' id='word_1_10' title='bbox 583 683 634 764; x_wconf 91' lang='lat' dir='ltr'><strong>qui</strong></span> <span class='ocrx_word' id='word_1_11' title='bbox 655 684 805 748; x_wconf 89' lang='lat' dir='ltr'><strong>inuenitur</strong></span> <span class='ocrx_word' id='word_1_12' title='bbox 825 686 907 766; x_wconf 86' lang='lat' dir='ltr'><strong>apud</strong></span> <span class='ocrx_word' id='word_1_13' title='bbox 930 688 1107 750; x_wconf 83' lang='lat' dir='ltr'><strong>Mommsen.</strong></span> <span class='ocrx_word' id='word_1_14' title='bbox 1129 687 1155 750; x_wconf 93' lang='lat'><strong>1.</strong></span> <span class='ocrx_word' id='word_1_15' title='bbox 1175 685 1213 748; x_wconf 82' lang='lat' dir='ltr'>R</span> <span class='ocrx_word' id='word_1_16' title='bbox 1235 685 1274 746; x_wconf 88' lang='lat' dir='ltr'><strong>N.</strong></span> <span class='ocrx_word' id='word_1_17' title='bbox 1295 683 1386 748; x_wconf 79' lang='lat'><strong>4618.</strong></span> <span class='ocrx_word' id='word_1_18' title='bbox 1427 685 1464 746; x_wconf 81' lang='lat'><strong>1..</strong></span> <span class='ocrx_word' id='word_1_19' title='bbox 1486 682 1551 748; x_wconf 83' lang='lat' dir='ltr'><strong>Ga·</strong></span> 
     </span>
    </p>
   </div>
   <div class='ocr_carea' id='block_1_4' title="bbox 303 779 1628 4696">
    <p class='ocr_par' dir='ltr' id='par_1_4' title="bbox 306 779 1552 1675">
     <span class='ocr_line' id='line_1_4' title="bbox 310 779 1552 871; baseline 0.003 -29"><span class='ocrx_word' id='word_1_20' title='bbox 310 779 407 844; x_wconf 88' lang='lat' dir='ltr'><strong>biuios</strong></span> <span class='ocrx_word' id='word_1_21' title='bbox 428 781 606 847; x_wconf 59' lang='lat' dir='ltr'><strong>&amp;ornianus</strong></span> <span class='ocrx_word' id='word_1_22' title='bbox 628 785 668 847; x_wconf 92' lang='lat' dir='ltr'><strong>ab</strong></span> <span class='ocrx_word' id='word_1_23' title='bbox 688 805 734 866; x_wconf 91' lang='lat' dir='ltr'><strong>ep.</strong></span> <span class='ocrx_word' id='word_1_24' title='bbox 757 784 996 871; x_wconf 66' lang='lat' dir='ltr'><strong>Caracallaefi);</strong></span> <span class='ocrx_word' id='word_1_25' title='bbox 1023 807 1094 850; x_wconf 90' lang='lat' dir='ltr'><strong>nam</strong></span> <span class='ocrx_word' id='word_1_26' title='bbox 1119 785 1284 866; x_wconf 85' lang='lat' dir='ltr'><strong>Borgbesio</strong></span> <span class='ocrx_word' id='word_1_27' title='bbox 1305 785 1483 847; x_wconf 87' lang='lat' dir='ltr'><strong>credendum</strong></span> <span class='ocrx_word' id='word_1_28' title='bbox 1504 793 1552 847; x_wconf 89' lang='lat' dir='ltr'><strong>sat</strong></span> 
     </span>
     <span class='ocr_line' id='line_1_5' title="bbox 308 880 1551 972; baseline 0.006 -31"><span class='ocrx_word' id='word_1_29' title='bbox 308 880 413 944; x_wconf 89' lang='lat' dir='ltr'><strong>literas</strong></span> <span class='ocrx_word' id='word_1_30' title='bbox 444 881 605 948; x_wconf 78' lang='lat' dir='ltr'><strong>GRAPH.</strong></span> <span class='ocrx_word' id='word_1_31' title='bbox 636 883 764 970; x_wconf 77' lang='lat' dir='ltr'><strong>propiet</strong></span> <span class='ocrx_word' id='word_1_32' title='bbox 795 887 963 967; x_wconf 87' lang='lat' dir='ltr'><strong>significare</strong></span> <span class='ocrx_word' id='word_1_33' title='bbox 990 896 1022 950; x_wconf 88' lang='lat' dir='ltr'><strong>et</strong></span> <span class='ocrx_word' id='word_1_34' title='bbox 1047 884 1103 952; x_wconf 76' lang='grc' dir='ltr'><strong>τὸν</strong></span> <span class='ocrx_word' id='word_1_35' title='bbox 1128 887 1258 972; x_wconf 77' lang='grc' dir='ltr'><strong><em>γραφέα</em></strong></span> <span class='ocrx_word' id='word_1_36' title='bbox 1279 885 1391 948; x_wconf 89' lang='lat' dir='ltr'><strong>dictum</strong></span> <span class='ocrx_word' id='word_1_37' title='bbox 1412 904 1479 947; x_wconf 88' lang='lat' dir='ltr'><strong>esse</strong></span> <span class='ocrx_word' id='word_1_38' title='bbox 1500 886 1551 967; x_wconf 84' lang='lat' dir='ltr'><strong>qui</strong></span> 
     </span>
     <span class='ocr_line' id='line_1_6' title="bbox 308 981 1552 1071; baseline 0.005 -29"><span class='ocrx_word' id='word_1_39' title='bbox 308 981 366 1044; x_wconf 90' lang='lat' dir='ltr'><strong>fuit</strong></span> <span class='ocrx_word' id='word_1_40' title='bbox 386 983 425 1047; x_wconf 88' lang='lat' dir='ltr'><strong>ab</strong></span> <span class='ocrx_word' id='word_1_41' title='bbox 448 985 583 1065; x_wconf 83' lang='lat' dir='ltr'><strong>epistolis</strong></span> <span class='ocrx_word' id='word_1_42' title='bbox 604 985 733 1068; x_wconf 82' lang='lat' dir='ltr'><strong>gracia).</strong></span> <span class='ocrx_word' id='word_1_43' title='bbox 766 997 884 1050; x_wconf 87' lang='lat' dir='ltr'><strong>constat</strong></span> <span class='ocrx_word' id='word_1_44' title='bbox 904 1009 1013 1052; x_wconf 91' lang='lat' dir='ltr'><strong>munus</strong></span> <span class='ocrx_word' id='word_1_45' title='bbox 1034 990 1228 1071; x_wconf 86' lang='lat' dir='ltr'><strong>epistolarum</strong></span> <span class='ocrx_word' id='word_1_46' title='bbox 1251 1008 1271 1050; x_wconf 92' lang='lat' dir='ltr'><strong>a</strong></span> <span class='ocrx_word' id='word_1_47' title='bbox 1290 986 1395 1068; x_wconf 88' lang='lat' dir='ltr'><strong>primis</strong></span> <span class='ocrx_word' id='word_1_48' title='bbox 1414 987 1552 1050; x_wconf 88' lang='lat' dir='ltr'><strong>domina-</strong></span> 
     </span>
     <span class='ocr_line' id='line_1_7' title="bbox 308 1086 1552 1168; baseline 0.003 -24"><span class='ocrx_word' id='word_1_49' title='bbox 308 1091 357 1144; x_wconf 89' lang='lat' dir='ltr'><strong>tus</strong></span> <span class='ocrx_word' id='word_1_50' title='bbox 378 1087 561 1166; x_wconf 72' lang='lat' dir='ltr'><strong>temporibus</strong></span> <span class='ocrx_word' id='word_1_51' title='bbox 582 1087 722 1150; x_wconf 74' lang='lat' dir='ltr'><strong>bifariam</strong></span> <span class='ocrx_word' id='word_1_52' title='bbox 744 1087 873 1151; x_wconf 91' lang='lat' dir='ltr'><strong>diuisum</strong></span> <span class='ocrx_word' id='word_1_53' title='bbox 894 1109 974 1166; x_wconf 89' lang='lat' dir='ltr'><strong>esse,</strong></span> <span class='ocrx_word' id='word_1_54' title='bbox 1006 1100 1040 1154; x_wconf 89' lang='lat' dir='ltr'><strong>ut</strong></span> <span class='ocrx_word' id='word_1_55' title='bbox 1065 1099 1165 1153; x_wconf 88' lang='lat' dir='ltr'><strong>esseut</strong></span> <span class='ocrx_word' id='word_1_56' title='bbox 1192 1089 1244 1152; x_wconf 90' lang='lat' dir='ltr'><strong>alii</strong></span> <span class='ocrx_word' id='word_1_57' title='bbox 1270 1088 1309 1150; x_wconf 92' lang='lat' dir='ltr'><strong>ab</strong></span> <span class='ocrx_word' id='word_1_58' title='bbox 1331 1086 1466 1168; x_wconf 71' lang='lat' dir='ltr'><strong>epistulis</strong></span> <span class='ocrx_word' id='word_1_59' title='bbox 1487 1087 1552 1148; x_wconf 87' lang='lat' dir='ltr'><strong>La-</strong></span> 
     </span>
     <span class='ocr_line' id='line_1_8' title="bbox 307 1183 1551 1276; baseline 0.004 -30"><span class='ocrx_word' id='word_1_60' title='bbox 307 1183 378 1246; x_wconf 85' lang='lat' dir='ltr'><strong>tinis</strong></span> <span class='ocrx_word' id='word_1_61' title='bbox 400 1185 451 1248; x_wconf 93' lang='lat' dir='ltr'><strong>alii</strong></span> <span class='ocrx_word' id='word_1_62' title='bbox 474 1206 494 1248; x_wconf 90' lang='lat' dir='ltr'><strong>a</strong></span> <span class='ocrx_word' id='word_1_63' title='bbox 514 1185 629 1250; x_wconf 77' lang='lat' dir='ltr'><strong>Gracia</strong></span> <span class='ocrx_word' id='word_1_64' title='bbox 651 1186 712 1272; x_wconf 90' lang='lat' dir='ltr'><strong>(cfr</strong></span> <span class='ocrx_word' id='word_1_65' title='bbox 733 1188 837 1252; x_wconf 88' lang='lat' dir='ltr'><strong>titulos</strong></span> <span class='ocrx_word' id='word_1_66' title='bbox 859 1188 999 1252; x_wconf 90' lang='lat' dir='ltr'><strong>laudatos</strong></span> <span class='ocrx_word' id='word_1_67' title='bbox 1021 1202 1052 1254; x_wconf 91' lang='lat' dir='ltr'><strong>et</strong></span> <span class='ocrx_word' id='word_1_68' title='bbox 1073 1190 1168 1254; x_wconf 88' lang='lat' dir='ltr'><strong>Orelli</strong></span> <span class='ocrx_word' id='word_1_69' title='bbox 1188 1187 1256 1276; x_wconf 84' lang='lat'><strong>41).</strong></span> <span class='ocrx_word' id='word_1_70' title='bbox 1285 1185 1435 1250; x_wconf 78' lang='lat' dir='ltr'><strong>Credibile</strong></span> <span class='ocrx_word' id='word_1_71' title='bbox 1449 1196 1551 1250; x_wconf 88' lang='lat' dir='ltr'><strong>autem</strong></span> 
     </span>
     <span class='ocr_line' id='line_1_9' title="bbox 307 1287 1552 1373; baseline 0.003 -26"><span class='ocrx_word' id='word_1_72' title='bbox 307 1294 354 1347; x_wconf 87' lang='lat' dir='ltr'><strong>est</strong></span> <span class='ocrx_word' id='word_1_73' title='bbox 384 1305 475 1348; x_wconf 90' lang='lat' dir='ltr'><strong>unum</strong></span> <span class='ocrx_word' id='word_1_74' title='bbox 507 1287 625 1370; x_wconf 84' lang='lat' dir='ltr'><strong>utrique</strong></span> <span class='ocrx_word' id='word_1_75' title='bbox 647 1289 838 1370; x_wconf 77' lang='lat' dir='ltr'><strong>prepositum</strong></span> <span class='ocrx_word' id='word_1_76' title='bbox 860 1291 951 1352; x_wconf 89' lang='lat' dir='ltr'><strong>fuisse</strong></span> <span class='ocrx_word' id='word_1_77' title='bbox 974 1291 1023 1373; x_wconf 92' lang='lat' dir='ltr'><strong>qni</strong></span> <span class='ocrx_word' id='word_1_78' title='bbox 1045 1291 1192 1372; x_wconf 79' lang='lat' dir='ltr'><strong>dignitate</strong></span> <span class='ocrx_word' id='word_1_79' title='bbox 1214 1309 1265 1353; x_wconf 89' lang='lat' dir='ltr'><strong>eos</strong></span> <span class='ocrx_word' id='word_1_80' title='bbox 1287 1289 1482 1350; x_wconf 74' lang='lat' dir='ltr'><strong>antecederet</strong></span> <span class='ocrx_word' id='word_1_81' title='bbox 1501 1288 1552 1370; x_wconf 90' lang='lat' dir='ltr'><strong>qui</strong></span> 
     </span>
     <span class='ocr_line' id='line_1_10' title="bbox 307 1385 1551 1471; baseline 0.002 -24"><span class='ocrx_word' id='word_1_82' title='bbox 307 1385 358 1448; x_wconf 88' lang='lat' dir='ltr'><strong>uni</strong></span> <span class='ocrx_word' id='word_1_83' title='bbox 390 1387 476 1449; x_wconf 89' lang='lat' dir='ltr'><strong>modo</strong></span> <span class='ocrx_word' id='word_1_84' title='bbox 508 1389 588 1469; x_wconf 88' lang='lat' dir='ltr'><strong>parti</strong></span> <span class='ocrx_word' id='word_1_85' title='bbox 621 1399 780 1470; x_wconf 74' lang='lat' dir='ltr'><strong>praeerant.</strong></span> <span class='ocrx_word' id='word_1_86' title='bbox 825 1411 895 1454; x_wconf 91' lang='lat' dir='ltr'><strong>nam</strong></span> <span class='ocrx_word' id='word_1_87' title='bbox 926 1392 1015 1455; x_wconf 88' lang='lat' dir='ltr'><strong>aliter</strong></span> <span class='ocrx_word' id='word_1_88' title='bbox 1046 1392 1169 1456; x_wconf 85' lang='lat' dir='ltr'><strong>difficile</strong></span> <span class='ocrx_word' id='word_1_89' title='bbox 1197 1399 1242 1454; x_wconf 84' lang='lat' dir='ltr'><strong>est</strong></span> <span class='ocrx_word' id='word_1_90' title='bbox 1264 1391 1301 1452; x_wconf 88' lang='lat' dir='ltr'><strong>ad</strong></span> <span class='ocrx_word' id='word_1_91' title='bbox 1324 1389 1551 1471; x_wconf 86' lang='lat' dir='ltr'><strong>explicandum,</strong></span> 
     </span>
     <span class='ocr_line' id='line_1_11' title="bbox 307 1488 1551 1572; baseline 0.001 -22"><span class='ocrx_word' id='word_1_92' title='bbox 307 1488 453 1567; x_wconf 90' lang='lat' dir='ltr'><strong>quomodo</strong></span> <span class='ocrx_word' id='word_1_93' title='bbox 475 1490 601 1552; x_wconf 81' lang='lat' dir='ltr'><strong>eundem</strong></span> <span class='ocrx_word' id='word_1_94' title='bbox 623 1499 714 1571; x_wconf 90' lang='lat' dir='ltr'><strong>atque</strong></span> <span class='ocrx_word' id='word_1_95' title='bbox 736 1491 788 1553; x_wconf 88' lang='lat' dir='ltr'><strong>alii</strong></span> <span class='ocrx_word' id='word_1_96' title='bbox 810 1501 1020 1571; x_wconf 77' lang='lat' dir='ltr'><strong>procuratores</strong></span> <span class='ocrx_word' id='word_1_97' title='bbox 1042 1493 1139 1556; x_wconf 88' lang='lat' dir='ltr'><strong>locum</strong></span> <span class='ocrx_word' id='word_1_98' title='bbox 1160 1491 1280 1555; x_wconf 86' lang='lat' dir='ltr'><strong>bonoria</strong></span> <span class='ocrx_word' id='word_1_99' title='bbox 1300 1491 1331 1552; x_wconf 92' lang='lat' dir='ltr'><strong>in</strong></span> <span class='ocrx_word' id='word_1_100' title='bbox 1354 1509 1442 1552; x_wconf 88' lang='lat' dir='ltr'><strong>sacro</strong></span> <span class='ocrx_word' id='word_1_101' title='bbox 1463 1489 1551 1572; x_wconf 92' lang='lat' dir='ltr'><strong>pala-</strong></span> 
     </span>
     <span class='ocr_line' id='line_1_12' title="bbox 306 1588 1378 1675; baseline 0.004 -25"><span class='ocrx_word' id='word_1_102' title='bbox 306 1588 349 1650; x_wconf 86' lang='lat' dir='ltr'><strong>tio</strong></span> <span class='ocrx_word' id='word_1_103' title='bbox 369 1598 469 1650; x_wconf 67' lang='lat' dir='ltr'><strong>teum</strong></span> <span class='ocrx_word' id='word_1_104' title='bbox 491 1589 523 1651; x_wconf 94' lang='lat' dir='ltr'><strong>bi</strong></span> <span class='ocrx_word' id='word_1_105' title='bbox 544 1591 711 1670; x_wconf 86' lang='lat' dir='ltr'><strong>potuerint,</strong></span> <span class='ocrx_word' id='word_1_106' title='bbox 733 1600 766 1652; x_wconf 90' lang='lat' dir='ltr'><strong>ut</strong></span> <span class='ocrx_word' id='word_1_107' title='bbox 787 1611 825 1652; x_wconf 85' lang='lat' dir='ltr'><strong>ex</strong></span> <span class='ocrx_word' id='word_1_108' title='bbox 846 1593 971 1654; x_wconf 89' lang='lat' dir='ltr'><strong>historia</strong></span> <span class='ocrx_word' id='word_1_109' title='bbox 991 1595 1068 1675; x_wconf 86' lang='lat' dir='ltr'><strong>Imp.</strong></span> <span class='ocrx_word' id='word_1_110' title='bbox 1090 1593 1208 1657; x_wconf 81' lang='lat' dir='ltr'><strong>Claudii</strong></span> <span class='ocrx_word' id='word_1_111' title='bbox 1230 1592 1378 1654; x_wconf 88' lang='lat' dir='ltr'><strong>docemur.</strong></span> 
     </span>
    </p>

    <p class='ocr_par' dir='ltr' id='par_1_5' title="bbox 306 1689 1552 2458">
     <span class='ocr_line' id='line_1_13' title="bbox 389 1689 1551 1776; baseline 0.002 -24"><span class='ocrx_word' id='word_1_112' title='bbox 389 1689 527 1754; x_wconf 89' lang='lat' dir='ltr'><strong>uidentur</strong></span> <span class='ocrx_word' id='word_1_113' title='bbox 548 1691 612 1752; x_wconf 83' lang='lat' dir='ltr'><strong>baec</strong></span> <span class='ocrx_word' id='word_1_114' title='bbox 634 1691 734 1753; x_wconf 88' lang='lat' dir='ltr'><strong>omnia</strong></span> <span class='ocrx_word' id='word_1_115' title='bbox 755 1693 794 1754; x_wconf 87' lang='lat' dir='ltr'><strong>ab</strong></span> <span class='ocrx_word' id='word_1_116' title='bbox 815 1692 972 1756; x_wconf 90' lang='lat' dir='ltr'><strong>Hadriano</strong></span> <span class='ocrx_word' id='word_1_117' title='bbox 1000 1695 1102 1776; x_wconf 90' lang='lat' dir='ltr'><strong>aliquo</strong></span> <span class='ocrx_word' id='word_1_118' title='bbox 1134 1694 1221 1756; x_wconf 91' lang='lat' dir='ltr'><strong>modo</strong></span> <span class='ocrx_word' id='word_1_119' title='bbox 1244 1701 1362 1754; x_wconf 65' lang='lat' dir='ltr'><strong>munta</strong></span> <span class='ocrx_word' id='word_1_120' title='bbox 1382 1690 1431 1753; x_wconf 88' lang='lat' dir='ltr'><strong>uel</strong></span> <span class='ocrx_word' id='word_1_121' title='bbox 1452 1690 1551 1772; x_wconf 88' lang='lat' dir='ltr'><strong>potius</strong></span> 
     </span>
     <span class='ocr_line' id='line_1_14' title="bbox 306 1789 1552 1872; baseline 0.003 -20"><span class='ocrx_word' id='word_1_122' title='bbox 306 1789 460 1866; x_wconf 87' lang='lat' dir='ltr'><strong>stabilita,</strong></span> <span class='ocrx_word' id='word_1_123' title='bbox 481 1798 516 1853; x_wconf 91' lang='lat' dir='ltr'><strong>ut</strong></span> <span class='ocrx_word' id='word_1_124' title='bbox 537 1791 627 1854; x_wconf 88' lang='lat' dir='ltr'><strong>certis</strong></span> <span class='ocrx_word' id='word_1_125' title='bbox 647 1791 755 1854; x_wconf 89' lang='lat' dir='ltr'><strong>linibus</strong></span> <span class='ocrx_word' id='word_1_126' title='bbox 776 1792 1087 1858; x_wconf 88' lang='lat' dir='ltr'><strong>circumscriberentur</strong></span> <span class='ocrx_word' id='word_1_127' title='bbox 1109 1795 1211 1858; x_wconf 89' lang='lat' dir='ltr'><strong>munia</strong></span> <span class='ocrx_word' id='word_1_128' title='bbox 1231 1793 1367 1866; x_wconf 90' lang='lat' dir='ltr'><strong>iliorum,</strong></span> <span class='ocrx_word' id='word_1_129' title='bbox 1398 1792 1447 1872; x_wconf 93' lang='lat' dir='ltr'><strong>qui</strong></span> <span class='ocrx_word' id='word_1_130' title='bbox 1469 1809 1552 1856; x_wconf 86' lang='lat' dir='ltr'><strong>sum·</strong></span> 
     </span>
     <span class='ocr_line' id='line_1_15' title="bbox 308 1892 1551 1974; baseline 0 -20"><span class='ocrx_word' id='word_1_131' title='bbox 308 1911 374 1962; x_wconf 85' lang='lat' dir='ltr'><strong>mas</strong></span> <span class='ocrx_word' id='word_1_132' title='bbox 406 1892 436 1952; x_wconf 91' lang='lat' dir='ltr'><strong>in</strong></span> <span class='ocrx_word' id='word_1_133' title='bbox 465 1911 554 1955; x_wconf 88' lang='lat' dir='ltr'><strong>saera</strong></span> <span class='ocrx_word' id='word_1_134' title='bbox 574 1892 662 1954; x_wconf 90' lang='lat' dir='ltr'><strong>domo</strong></span> <span class='ocrx_word' id='word_1_135' title='bbox 683 1893 905 1974; x_wconf 76' lang='lat' dir='ltr'><strong>procurationes</strong></span> <span class='ocrx_word' id='word_1_136' title='bbox 926 1895 1080 1960; x_wconf 87' lang='lat' dir='ltr'><strong>baberent</strong></span> <span class='ocrx_word' id='word_1_137' title='bbox 1123 1905 1155 1958; x_wconf 88' lang='lat' dir='ltr'><strong>at</strong></span> <span class='ocrx_word' id='word_1_138' title='bbox 1176 1897 1304 1960; x_wconf 85' lang='lat' dir='ltr'><strong>fortasse</strong></span> <span class='ocrx_word' id='word_1_139' title='bbox 1325 1893 1370 1956; x_wconf 87' lang='lat' dir='ltr'><strong>ita</strong></span> <span class='ocrx_word' id='word_1_140' title='bbox 1391 1912 1430 1954; x_wconf 87' lang='lat' dir='ltr'><strong>ea</strong></span> <span class='ocrx_word' id='word_1_141' title='bbox 1450 1901 1551 1956; x_wconf 92' lang='lat' dir='ltr'><strong>muta-</strong></span> 
     </span>
     <span class='ocr_line' id='line_1_16' title="bbox 309 1992 1552 2077; baseline -0.002 -19"><span class='ocrx_word' id='word_1_142' title='bbox 309 1992 355 2059; x_wconf 84' lang='lat' dir='ltr'><strong>uit</strong></span> <span class='ocrx_word' id='word_1_143' title='bbox 386 1992 576 2066; x_wconf 90' lang='lat' dir='ltr'><strong>Hadrianus,</strong></span> <span class='ocrx_word' id='word_1_144' title='bbox 608 2001 643 2054; x_wconf 89' lang='lat' dir='ltr'><strong>ut</strong></span> <span class='ocrx_word' id='word_1_145' title='bbox 673 2002 780 2073; x_wconf 89' lang='lat' dir='ltr'><strong>postea</strong></span> <span class='ocrx_word' id='word_1_146' title='bbox 812 2013 869 2058; x_wconf 90' lang='lat' dir='ltr'><strong>non</strong></span> <span class='ocrx_word' id='word_1_147' title='bbox 891 2004 1009 2060; x_wconf 88' lang='lat' dir='ltr'><strong>tantum</strong></span> <span class='ocrx_word' id='word_1_148' title='bbox 1032 1997 1132 2060; x_wconf 90' lang='lat' dir='ltr'><strong>officia</strong></span> <span class='ocrx_word' id='word_1_149' title='bbox 1153 1996 1275 2077; x_wconf 85' lang='lat' dir='ltr'><strong>priuata</strong></span> <span class='ocrx_word' id='word_1_150' title='bbox 1296 1995 1335 2056; x_wconf 90' lang='lat' dir='ltr'><strong>ad</strong></span> <span class='ocrx_word' id='word_1_151' title='bbox 1357 1993 1552 2074; x_wconf 82' lang='lat' dir='ltr'><strong>imperatores</strong></span> 
     </span>
     <span class='ocr_line' id='line_1_17' title="bbox 307 2092 1552 2176; baseline -0.001 -18"><span class='ocrx_word' id='word_1_152' title='bbox 307 2092 394 2158; x_wconf 83' lang='lat' dir='ltr'><strong>modo</strong></span> <span class='ocrx_word' id='word_1_153' title='bbox 416 2093 567 2157; x_wconf 81' lang='lat' dir='ltr'><strong>staulam</strong></span> <span class='ocrx_word' id='word_1_154' title='bbox 588 2093 772 2173; x_wconf 87' lang='lat' dir='ltr'><strong>pertinentia</strong></span> <span class='ocrx_word' id='word_1_155' title='bbox 793 2095 980 2172; x_wconf 88' lang='lat' dir='ltr'><strong>uiderentur,</strong></span> <span class='ocrx_word' id='word_1_156' title='bbox 1011 2098 1066 2160; x_wconf 88' lang='lat' dir='ltr'><strong>aed</strong></span> <span class='ocrx_word' id='word_1_157' title='bbox 1087 2098 1127 2160; x_wconf 93' lang='lat' dir='ltr'><strong>ad</strong></span> <span class='ocrx_word' id='word_1_158' title='bbox 1147 2105 1244 2160; x_wconf 90' lang='lat' dir='ltr'><strong>totam</strong></span> <span class='ocrx_word' id='word_1_159' title='bbox 1266 2094 1481 2176; x_wconf 83' lang='lat' dir='ltr'><strong>rempublicam</strong></span> <span class='ocrx_word' id='word_1_160' title='bbox 1502 2113 1552 2157; x_wconf 87' lang='lat' dir='ltr'><strong>re·</strong></span> 
     </span>
     <span class='ocr_line' id='line_1_18' title="bbox 307 2193 1551 2282; baseline 0.003 -28"><span class='ocrx_word' id='word_1_161' title='bbox 307 2194 457 2256; x_wconf 87' lang='lat' dir='ltr'><strong>ferrantur</strong></span> <span class='ocrx_word' id='word_1_162' title='bbox 488 2193 551 2278; x_wconf 89' lang='lat' dir='ltr'><strong>(cfr</strong></span> <span class='ocrx_word' id='word_1_163' title='bbox 577 2201 679 2256; x_wconf 87' lang='lat' dir='ltr'><strong>tamen</strong></span> <span class='ocrx_word' id='word_1_164' title='bbox 705 2195 776 2258; x_wconf 90' lang='lat' dir='ltr'><strong>Tac.</strong></span> <span class='ocrx_word' id='word_1_165' title='bbox 802 2197 883 2260; x_wconf 85' lang='lat' dir='ltr'><strong>Anu.</strong></span> <span class='ocrx_word' id='word_1_166' title='bbox 906 2199 971 2260; x_wconf 89' lang='lat' dir='ltr'><strong>XV</strong></span> <span class='ocrx_word' id='word_1_167' title='bbox 992 2196 1056 2282; x_wconf 82' lang='grc'>35).</span> <span class='ocrx_word' id='word_1_168' title='bbox 1107 2217 1199 2280; x_wconf 88' lang='lat' dir='ltr'><strong>quare</strong></span> <span class='ocrx_word' id='word_1_169' title='bbox 1232 2196 1348 2278; x_wconf 87' lang='lat' dir='ltr'><strong>equites</strong></span> <span class='ocrx_word' id='word_1_170' title='bbox 1378 2195 1551 2270; x_wconf 86' lang='lat' dir='ltr'><strong>Romanos,</strong></span> 
     </span>
     <span class='ocr_line' id='line_1_19' title="bbox 306 2292 1552 2378; baseline 0.002 -22"><span class='ocrx_word' id='word_1_171' title='bbox 306 2292 357 2374; x_wconf 80' lang='lat' dir='ltr'><strong>qui</strong></span> <span class='ocrx_word' id='word_1_172' title='bbox 386 2293 463 2356; x_wconf 88' lang='lat' dir='ltr'><strong>alias</strong></span> <span class='ocrx_word' id='word_1_173' title='bbox 494 2295 720 2376; x_wconf 81' lang='lat' dir='ltr'><strong>procurationes</strong></span> <span class='ocrx_word' id='word_1_174' title='bbox 752 2297 965 2360; x_wconf 89' lang='lat' dir='ltr'><strong>administrare</strong></span> <span class='ocrx_word' id='word_1_175' title='bbox 997 2299 1143 2372; x_wconf 87' lang='lat' dir='ltr'><strong>solerent,</strong></span> <span class='ocrx_word' id='word_1_176' title='bbox 1174 2299 1214 2360; x_wconf 91' lang='lat' dir='ltr'><strong>ad</strong></span> <span class='ocrx_word' id='word_1_177' title='bbox 1246 2317 1284 2359; x_wconf 89' lang='lat' dir='ltr'><strong>ea</strong></span> <span class='ocrx_word' id='word_1_178' title='bbox 1309 2315 1425 2378; x_wconf 88' lang='lat' dir='ltr'><strong>quoque</strong></span> <span class='ocrx_word' id='word_1_179' title='bbox 1451 2296 1552 2359; x_wconf 85' lang='lat' dir='ltr'><strong>officia</strong></span> 
     </span>
     <span class='ocr_line' id='line_1_20' title="bbox 306 2394 453 2458; baseline 0 0"><span class='ocrx_word' id='word_1_180' title='bbox 306 2394 453 2458; x_wconf 85' lang='lat' dir='ltr'><strong>adhibuit.</strong></span> 
     </span>
    </p>

    <p class='ocr_par' dir='ltr' id='par_1_6' title="bbox 303 2495 1628 4696">
     <span class='ocr_line' id='line_1_21' title="bbox 387 2495 1552 2578; baseline 0.003 -20"><span class='ocrx_word' id='word_1_181' title='bbox 387 2495 510 2560; x_wconf 77' lang='lat' dir='ltr'><strong>Clarum</strong></span> <span class='ocrx_word' id='word_1_182' title='bbox 534 2506 565 2560; x_wconf 87' lang='lat' dir='ltr'><strong>at</strong></span> <span class='ocrx_word' id='word_1_183' title='bbox 585 2497 791 2577; x_wconf 87' lang='lat' dir='ltr'><strong>Tranquillum</strong></span> <span class='ocrx_word' id='word_1_184' title='bbox 824 2499 996 2561; x_wconf 88' lang='lat' dir='ltr'><strong>muneribus</strong></span> <span class='ocrx_word' id='word_1_185' title='bbox 1018 2519 1056 2562; x_wconf 87' lang='lat' dir='ltr'><strong>ea</strong></span> <span class='ocrx_word' id='word_1_186' title='bbox 1077 2500 1114 2561; x_wconf 86' lang='lat' dir='ltr'><strong>de</strong></span> <span class='ocrx_word' id='word_1_187' title='bbox 1137 2519 1231 2562; x_wconf 86' lang='lat' dir='ltr'><strong>causa</strong></span> <span class='ocrx_word' id='word_1_188' title='bbox 1251 2497 1427 2562; x_wconf 87' lang='lat' dir='ltr'><strong>Hadrianus</strong></span> <span class='ocrx_word' id='word_1_189' title='bbox 1448 2497 1552 2578; x_wconf 84' lang='lat' dir='ltr'><strong>prina-</strong></span> 
     </span>
     <span class='ocr_line' id='line_1_22' title="bbox 306 2595 1551 2686; baseline -0.001 -26"><span class='ocrx_word' id='word_1_190' title='bbox 306 2597 365 2671; x_wconf 89' lang='lat' dir='ltr'><strong>uit,</strong></span> <span class='ocrx_word' id='word_1_191' title='bbox 386 2597 466 2680; x_wconf 84' lang='lat' dir='ltr'><strong>quod</strong></span> <span class='ocrx_word' id='word_1_192' title='bbox 487 2597 572 2682; x_wconf 81' lang='lat' dir='ltr'><strong>apud</strong></span> <span class='ocrx_word' id='word_1_193' title='bbox 593 2595 739 2660; x_wconf 73' lang='grc' dir='ltr'><strong>δαὸίηαηι</strong></span> <span class='ocrx_word' id='word_1_194' title='bbox 759 2619 885 2664; x_wconf 72' lang='lat' dir='ltr'><strong>accras</strong></span> <span class='ocrx_word' id='word_1_195' title='bbox 904 2599 1022 2662; x_wconf 80' lang='lat' dir='ltr'><strong>iniussa</strong></span> <span class='ocrx_word' id='word_1_196' title='bbox 1043 2601 1107 2664; x_wconf 83' lang='lat' dir='ltr'><strong>aias</strong></span> <span class='ocrx_word' id='word_1_197' title='bbox 1121 2597 1317 2686; x_wconf 80' lang='lat' dir='ltr'><strong>familiarius</strong></span> <span class='ocrx_word' id='word_1_198' title='bbox 1337 2618 1368 2660; x_wconf 80' lang='lat' dir='ltr'><strong>aa</strong></span> <span class='ocrx_word' id='word_1_199' title='bbox 1388 2608 1452 2660; x_wconf 84' lang='lat' dir='ltr'><strong>tam</strong></span> <span class='ocrx_word' id='word_1_200' title='bbox 1472 2597 1551 2680; x_wconf 81' lang='lat' dir='ltr'><strong>egis-</strong></span> 
     </span>
     <span class='ocr_line' id='line_1_23' title="bbox 304 2698 1552 2785; baseline 0 -23"><span class='ocrx_word' id='word_1_201' title='bbox 304 2707 369 2762; x_wconf 71' lang='lat' dir='ltr'><strong>aaut</strong></span> <span class='ocrx_word' id='word_1_202' title='bbox 398 2719 490 2782; x_wconf 82' lang='lat' dir='ltr'><strong>quum</strong></span> <span class='ocrx_word' id='word_1_203' title='bbox 521 2698 685 2762; x_wconf 68' lang='lat' dir='ltr'><strong>amarantis</strong></span> <span class='ocrx_word' id='word_1_204' title='bbox 716 2699 823 2765; x_wconf 81' lang='lat' dir='ltr'><strong>domas</strong></span> <span class='ocrx_word' id='word_1_205' title='bbox 855 2699 960 2764; x_wconf 69' lang='lat' dir='ltr'><strong>adue</strong></span> <span class='ocrx_word' id='word_1_206' title='bbox 985 2699 1160 2785; x_wconf 73' lang='lat' dir='ltr'><strong>postularat.</strong></span> <span class='ocrx_word' id='word_1_207' title='bbox 1210 2700 1386 2764; x_wconf 77' lang='lat' dir='ltr'><strong>Hadrianus</strong></span> <span class='ocrx_word' id='word_1_208' title='bbox 1414 2699 1492 2760; x_wconf 89' lang='lat' dir='ltr'><strong>anim</strong></span> <span class='ocrx_word' id='word_1_209' title='bbox 1518 2707 1552 2762; x_wconf 90' lang='lat' dir='ltr'><strong>ut</strong></span> 
     </span>
     <span class='ocr_line' id='line_1_24' title="bbox 305 2799 1552 2882; baseline 0 -20"><span class='ocrx_word' id='word_1_210' title='bbox 305 2817 397 2881; x_wconf 87' lang='lat' dir='ltr'><strong>supra</strong></span> <span class='ocrx_word' id='word_1_211' title='bbox 418 2799 481 2862; x_wconf 88' lang='lat' dir='ltr'><strong>dixi</strong></span> <span class='ocrx_word' id='word_1_212' title='bbox 502 2800 602 2864; x_wconf 86' lang='lat' dir='ltr'><strong>officia</strong></span> <span class='ocrx_word' id='word_1_213' title='bbox 622 2818 738 2881; x_wconf 90' lang='lat' dir='ltr'><strong>quoque</strong></span> <span class='ocrx_word' id='word_1_214' title='bbox 761 2801 867 2864; x_wconf 89' lang='lat' dir='ltr'><strong>domus</strong></span> <span class='ocrx_word' id='word_1_215' title='bbox 889 2809 1024 2882; x_wconf 83' lang='lat' dir='ltr'><strong>augustae</strong></span> <span class='ocrx_word' id='word_1_216' title='bbox 1044 2802 1093 2865; x_wconf 90' lang='lat' dir='ltr'><strong>uel</strong></span> <span class='ocrx_word' id='word_1_217' title='bbox 1116 2801 1209 2876; x_wconf 83' lang='lat' dir='ltr'><strong>aolae,</strong></span> <span class='ocrx_word' id='word_1_218' title='bbox 1234 2820 1293 2882; x_wconf 92' lang='lat' dir='ltr'><strong>quo</strong></span> <span class='ocrx_word' id='word_1_219' title='bbox 1315 2800 1407 2864; x_wconf 89' lang='lat' dir='ltr'><strong>uerbo</strong></span> <span class='ocrx_word' id='word_1_220' title='bbox 1428 2800 1491 2862; x_wconf 87' lang='lat' dir='ltr'><strong>iam</strong></span> <span class='ocrx_word' id='word_1_221' title='bbox 1512 2799 1552 2862; x_wconf 83' lang='lat' dir='ltr'><strong>ad</strong></span> 
     </span>
     <span class='ocr_line' id='line_1_25' title="bbox 305 2899 1553 2984; baseline -0.002 -20"><span class='ocrx_word' id='word_1_222' title='bbox 305 2901 429 2964; x_wconf 85' lang='lat' dir='ltr'><strong>domum</strong></span> <span class='ocrx_word' id='word_1_223' title='bbox 452 2908 484 2962; x_wconf 91' lang='lat' dir='ltr'><strong>et</strong></span> <span class='ocrx_word' id='word_1_224' title='bbox 504 2901 652 2966; x_wconf 86' lang='lat' dir='ltr'><strong>familiam</strong></span> <span class='ocrx_word' id='word_1_225' title='bbox 674 2901 820 2984; x_wconf 90' lang='lat' dir='ltr'><strong>principis</strong></span> <span class='ocrx_word' id='word_1_226' title='bbox 842 2903 1071 2984; x_wconf 89' lang='lat' dir='ltr'><strong>significandam</strong></span> <span class='ocrx_word' id='word_1_227' title='bbox 1100 2911 1225 2966; x_wconf 85' lang='lat' dir='ltr'><strong>utuntur</strong></span> <span class='ocrx_word' id='word_1_228' title='bbox 1252 2901 1377 2964; x_wconf 83' lang='lat' dir='ltr'><strong>Tacitus</strong></span> <span class='ocrx_word' id='word_1_229' title='bbox 1400 2899 1497 2984; x_wconf 88' lang='lat' dir='ltr'><strong>(Anu.</strong></span> <span class='ocrx_word' id='word_1_230' title='bbox 1520 2899 1553 2962; x_wconf 89' lang='lat'><strong>11</strong></span> 
     </span>
     <span class='ocr_line' id='line_1_26' title="bbox 303 2997 1552 3089; baseline 0 -27"><span class='ocrx_word' id='word_1_231' title='bbox 303 2997 361 3084; x_wconf 78' lang='lat'><strong>43)</strong></span> <span class='ocrx_word' id='word_1_232' title='bbox 383 3002 499 3082; x_wconf 89' lang='lat' dir='ltr'><strong>etipse</strong></span> <span class='ocrx_word' id='word_1_233' title='bbox 520 3001 570 3065; x_wconf 89' lang='lat' dir='ltr'><strong>ille</strong></span> <span class='ocrx_word' id='word_1_234' title='bbox 592 3003 768 3076; x_wconf 86' lang='lat' dir='ltr'><strong>Suetonius,</strong></span> <span class='ocrx_word' id='word_1_235' title='bbox 791 3003 874 3068; x_wconf 89' lang='lat' dir='ltr'><strong>cuius</strong></span> <span class='ocrx_word' id='word_1_236' title='bbox 896 3003 945 3067; x_wconf 88' lang='lat' dir='ltr'><strong>hic</strong></span> <span class='ocrx_word' id='word_1_237' title='bbox 967 3005 1078 3068; x_wconf 88' lang='lat' dir='ltr'><strong>mantio</strong></span> <span class='ocrx_word' id='word_1_238' title='bbox 1099 3005 1134 3067; x_wconf 88' lang='lat' dir='ltr'><strong>fit</strong></span> <span class='ocrx_word' id='word_1_239' title='bbox 1154 3002 1250 3089; x_wconf 87' lang='lat' dir='ltr'><strong>(Naro</strong></span> <span class='ocrx_word' id='word_1_240' title='bbox 1272 3021 1298 3066; x_wconf 91' lang='lat' dir='ltr'><strong>c.</strong></span> <span class='ocrx_word' id='word_1_241' title='bbox 1319 3000 1368 3086; x_wconf 83' lang='grc'><strong>6),</strong></span> <span class='ocrx_word' id='word_1_242' title='bbox 1393 3000 1473 3064; x_wconf 88' lang='lat' dir='ltr'><strong>unde</strong></span> <span class='ocrx_word' id='word_1_243' title='bbox 1494 3021 1552 3062; x_wconf 78' lang='lat' dir='ltr'><strong>aas·</strong></span> 
     </span>
     <span class='ocr_line' id='line_1_27' title="bbox 304 3099 1553 3188; baseline 0 -24"><span class='ocrx_word' id='word_1_244' title='bbox 304 3099 356 3164; x_wconf 79' lang='lat' dir='ltr'><strong>liei</strong></span> <span class='ocrx_word' id='word_1_245' title='bbox 376 3101 458 3186; x_wconf 77' lang='lat' dir='ltr'><strong>(cet</strong></span> <span class='ocrx_word' id='word_1_246' title='bbox 481 3121 508 3166; x_wconf 90' lang='lat' dir='ltr'><strong>c.</strong></span> <span class='ocrx_word' id='word_1_247' title='bbox 531 3101 599 3188; x_wconf 84' lang='lat'><strong>19),</strong></span> <span class='ocrx_word' id='word_1_248' title='bbox 631 3114 713 3166; x_wconf 88' lang='lat' dir='ltr'><strong>certo</strong></span> <span class='ocrx_word' id='word_1_249' title='bbox 742 3105 872 3185; x_wconf 88' lang='lat' dir='ltr'><strong>quodam</strong></span> <span class='ocrx_word' id='word_1_250' title='bbox 898 3105 1001 3168; x_wconf 89' lang='lat' dir='ltr'><strong>ordine</strong></span> <span class='ocrx_word' id='word_1_251' title='bbox 1026 3115 1057 3170; x_wconf 89' lang='lat' dir='ltr'><strong>st</strong></span> <span class='ocrx_word' id='word_1_252' title='bbox 1078 3107 1137 3168; x_wconf 88' lang='lat' dir='ltr'><strong>ritu</strong></span> <span class='ocrx_word' id='word_1_253' title='bbox 1159 3103 1394 3176; x_wconf 80' lang='lat' dir='ltr'><strong>constrinxerat,</strong></span> <span class='ocrx_word' id='word_1_254' title='bbox 1414 3110 1450 3166; x_wconf 90' lang='lat' dir='ltr'><strong>ut</strong></span> <span class='ocrx_word' id='word_1_255' title='bbox 1469 3109 1553 3164; x_wconf 86' lang='lat' dir='ltr'><strong>esset</strong></span> 
     </span>
     <span class='ocr_line' id='line_1_28' title="bbox 304 3202 1551 3288; baseline 0 -24"><span class='ocrx_word' id='word_1_256' title='bbox 304 3208 486 3282; x_wconf 84' lang='lat' dir='ltr'><strong>praeceptum</strong></span> <span class='ocrx_word' id='word_1_257' title='bbox 507 3204 655 3284; x_wconf 87' lang='lat' dir='ltr'><strong>quomodo</strong></span> <span class='ocrx_word' id='word_1_258' title='bbox 676 3205 777 3267; x_wconf 88' lang='lat' dir='ltr'><strong>omnia</strong></span> <span class='ocrx_word' id='word_1_259' title='bbox 797 3206 902 3268; x_wconf 88' lang='lat' dir='ltr'><strong>fierent</strong></span> <span class='ocrx_word' id='word_1_260' title='bbox 923 3214 955 3268; x_wconf 87' lang='lat' dir='ltr'><strong>et</strong></span> <span class='ocrx_word' id='word_1_261' title='bbox 975 3207 1054 3288; x_wconf 90' lang='lat' dir='ltr'><strong>apud</strong></span> <span class='ocrx_word' id='word_1_262' title='bbox 1076 3207 1174 3287; x_wconf 87' lang='lat' dir='ltr'><strong>ipsum</strong></span> <span class='ocrx_word' id='word_1_263' title='bbox 1195 3206 1404 3285; x_wconf 81' lang='lat' dir='ltr'><strong>imperatorem</strong></span> <span class='ocrx_word' id='word_1_264' title='bbox 1426 3212 1458 3264; x_wconf 88' lang='lat' dir='ltr'><strong>et</strong></span> <span class='ocrx_word' id='word_1_265' title='bbox 1471 3202 1551 3282; x_wconf 87' lang='lat' dir='ltr'><strong>apud</strong></span> 
     </span>
     <span class='ocr_line' id='line_1_29' title="bbox 306 3301 1552 3387; baseline -0.001 -21"><span class='ocrx_word' id='word_1_266' title='bbox 306 3301 382 3366; x_wconf 86' lang='lat' dir='ltr'><strong>alios</strong></span> <span class='ocrx_word' id='word_1_267' title='bbox 403 3301 454 3382; x_wconf 89' lang='lat' dir='ltr'><strong>qui</strong></span> <span class='ocrx_word' id='word_1_268' title='bbox 474 3303 676 3382; x_wconf 85' lang='lat' dir='ltr'><strong>imperatoriae</strong></span> <span class='ocrx_word' id='word_1_269' title='bbox 697 3304 866 3368; x_wconf 83' lang='lat' dir='ltr'><strong>maiestatis</strong></span> <span class='ocrx_word' id='word_1_270' title='bbox 893 3306 1112 3386; x_wconf 86' lang='lat' dir='ltr'><strong>quodammodo</strong></span> <span class='ocrx_word' id='word_1_271' title='bbox 1138 3305 1301 3387; x_wconf 87' lang='lat' dir='ltr'><strong>participas</strong></span> <span class='ocrx_word' id='word_1_272' title='bbox 1328 3310 1445 3378; x_wconf 86' lang='lat' dir='ltr'><strong>essent,</strong></span> <span class='ocrx_word' id='word_1_273' title='bbox 1476 3321 1552 3385; x_wconf 75' lang='lat' dir='ltr'><strong>quo</strong></span> 
     </span>
     <span class='ocr_line' id='line_1_30' title="bbox 305 3402 1553 3488; baseline 0.002 -22"><span class='ocrx_word' id='word_1_274' title='bbox 305 3419 370 3466; x_wconf 89' lang='lat' dir='ltr'><strong>rum</strong></span> <span class='ocrx_word' id='word_1_275' title='bbox 402 3421 487 3466; x_wconf 88' lang='lat' dir='ltr'><strong>nemo</strong></span> <span class='ocrx_word' id='word_1_276' title='bbox 520 3403 586 3483; x_wconf 92' lang='lat' dir='ltr'><strong>plus</strong></span> <span class='ocrx_word' id='word_1_277' title='bbox 619 3403 776 3482; x_wconf 87' lang='lat' dir='ltr'><strong>diguitatis</strong></span> <span class='ocrx_word' id='word_1_278' title='bbox 808 3405 941 3468; x_wconf 87' lang='lat' dir='ltr'><strong>babebat</strong></span> <span class='ocrx_word' id='word_1_279' title='bbox 968 3427 1057 3488; x_wconf 90' lang='lat' dir='ltr'><strong>quam</strong></span> <span class='ocrx_word' id='word_1_280' title='bbox 1085 3425 1161 3470; x_wconf 82' lang='lat' dir='ltr'><strong>uxor</strong></span> <span class='ocrx_word' id='word_1_281' title='bbox 1187 3405 1388 3486; x_wconf 89' lang='lat' dir='ltr'><strong>imperatoris.</strong></span> <span class='ocrx_word' id='word_1_282' title='bbox 1437 3402 1553 3468; x_wconf 88' lang='lat' dir='ltr'><strong>Sabina</strong></span> 
     </span>
     <span class='ocr_line' id='line_1_31' title="bbox 305 3503 1551 3587; baseline 0 -21"><span class='ocrx_word' id='word_1_283' title='bbox 305 3521 376 3566; x_wconf 85' lang='lat' dir='ltr'><strong>uero</strong></span> <span class='ocrx_word' id='word_1_284' title='bbox 398 3503 481 3564; x_wconf 88' lang='lat' dir='ltr'><strong>cuius</strong></span> <span class='ocrx_word' id='word_1_285' title='bbox 503 3503 581 3584; x_wconf 92' lang='lat' dir='ltr'><strong>quod</strong></span> <span class='ocrx_word' id='word_1_286' title='bbox 602 3523 640 3566; x_wconf 82' lang='lat' dir='ltr'><strong>ex</strong></span> <span class='ocrx_word' id='word_1_287' title='bbox 661 3503 840 3584; x_wconf 80' lang='lat' dir='ltr'><strong>imaginibus</strong></span> <span class='ocrx_word' id='word_1_288' title='bbox 861 3506 994 3568; x_wconf 88' lang='lat' dir='ltr'><strong>indicare</strong></span> <span class='ocrx_word' id='word_1_289' title='bbox 1016 3507 1165 3587; x_wconf 88' lang='lat' dir='ltr'><strong>possimus</strong></span> <span class='ocrx_word' id='word_1_290' title='bbox 1182 3507 1279 3568; x_wconf 88' lang='lat' dir='ltr'><strong>forma</strong></span> <span class='ocrx_word' id='word_1_291' title='bbox 1294 3504 1427 3568; x_wconf 85' lang='lat' dir='ltr'><strong>liberalia</strong></span> <span class='ocrx_word' id='word_1_292' title='bbox 1441 3504 1551 3586; x_wconf 81' lang='lat' dir='ltr'><strong>ingenii</strong></span> 
     </span>
     <span class='ocr_line' id='line_1_32' title="bbox 305 3603 1549 3689; baseline 0.004 -26"><span class='ocrx_word' id='word_1_293' title='bbox 305 3621 420 3685; x_wconf 78' lang='lat' dir='ltr'><strong>quoque</strong></span> <span class='ocrx_word' id='word_1_294' title='bbox 445 3603 624 3683; x_wconf 88' lang='lat' dir='ltr'><strong>elegantiam</strong></span> <span class='ocrx_word' id='word_1_295' title='bbox 651 3604 766 3684; x_wconf 89' lang='lat' dir='ltr'><strong>prodit,</strong></span> <span class='ocrx_word' id='word_1_296' title='bbox 798 3624 817 3666; x_wconf 92' lang='lat' dir='ltr'><strong>a</strong></span> <span class='ocrx_word' id='word_1_297' title='bbox 843 3604 906 3666; x_wconf 91' lang='lat' dir='ltr'><strong>uiro</strong></span> <span class='ocrx_word' id='word_1_298' title='bbox 927 3606 1005 3668; x_wconf 85' lang='lat' dir='ltr'><strong>mele</strong></span> <span class='ocrx_word' id='word_1_299' title='bbox 1027 3607 1135 3670; x_wconf 87' lang='lat' dir='ltr'><strong>habita</strong></span> <span class='ocrx_word' id='word_1_300' title='bbox 1155 3604 1215 3689; x_wconf 87' lang='lat' dir='ltr'><strong>(cfr</strong></span> <span class='ocrx_word' id='word_1_301' title='bbox 1235 3605 1339 3668; x_wconf 89' lang='lat' dir='ltr'><strong>Aurei.</strong></span> <span class='ocrx_word' id='word_1_302' title='bbox 1362 3605 1443 3668; x_wconf 87' lang='lat' dir='ltr'><strong>Viot</strong></span> <span class='ocrx_word' id='word_1_303' title='bbox 1465 3604 1549 3686; x_wconf 80' lang='lat' dir='ltr'><strong>Epit.</strong></span> 
     </span>
     <span class='ocr_line' id='line_1_33' title="bbox 304 3703 1550 3790; baseline 0.002 -24"><span class='ocrx_word' id='word_1_304' title='bbox 304 3703 394 3776; x_wconf 86' lang='lat' dir='ltr'><strong>XIV,</strong></span> <span class='ocrx_word' id='word_1_305' title='bbox 415 3723 595 3787; x_wconf 82' lang='lat' dir='ltr'><strong>quamquam</strong></span> <span class='ocrx_word' id='word_1_306' title='bbox 615 3705 641 3766; x_wconf 91' lang='lat' dir='ltr'><strong>is</strong></span> <span class='ocrx_word' id='word_1_307' title='bbox 663 3723 726 3766; x_wconf 86' lang='lat' dir='ltr'><strong>ram</strong></span> <span class='ocrx_word' id='word_1_308' title='bbox 747 3704 778 3766; x_wconf 94' lang='lat' dir='ltr'><strong>in</strong></span> <span class='ocrx_word' id='word_1_309' title='bbox 799 3705 895 3768; x_wconf 90' lang='lat' dir='ltr'><strong>maius</strong></span> <span class='ocrx_word' id='word_1_310' title='bbox 918 3705 1027 3768; x_wconf 85' lang='lat' dir='ltr'><strong>efferre</strong></span> <span class='ocrx_word' id='word_1_311' title='bbox 1049 3705 1196 3790; x_wconf 88' lang='lat' dir='ltr'><strong>uidetur),</strong></span> <span class='ocrx_word' id='word_1_312' title='bbox 1228 3706 1257 3768; x_wconf 92' lang='lat' dir='ltr'><strong>id</strong></span> <span class='ocrx_word' id='word_1_313' title='bbox 1289 3704 1430 3768; x_wconf 89' lang='lat' dir='ltr'><strong>solatium</strong></span> <span class='ocrx_word' id='word_1_314' title='bbox 1463 3705 1550 3771; x_wconf 89' lang='lat' dir='ltr'><strong>adhi-</strong></span> 
     </span>
     <span class='ocr_line' id='line_1_34' title="bbox 305 3805 1550 3886; baseline 0 -18"><span class='ocrx_word' id='word_1_315' title='bbox 305 3805 384 3880; x_wconf 90' lang='lat' dir='ltr'><strong>buit,</strong></span> <span class='ocrx_word' id='word_1_316' title='bbox 405 3814 441 3868; x_wconf 90' lang='lat' dir='ltr'><strong>ut</strong></span> <span class='ocrx_word' id='word_1_317' title='bbox 461 3805 666 3868; x_wconf 80' lang='lat' dir='ltr'><strong>familiaritate</strong></span> <span class='ocrx_word' id='word_1_318' title='bbox 687 3812 821 3868; x_wconf 89' lang='lat' dir='ltr'><strong>uteretur</strong></span> <span class='ocrx_word' id='word_1_319' title='bbox 841 3806 970 3868; x_wconf 88' lang='lat' dir='ltr'><strong>uirorum</strong></span> <span class='ocrx_word' id='word_1_320' title='bbox 1003 3807 1140 3870; x_wconf 88' lang='lat' dir='ltr'><strong>doctrina</strong></span> <span class='ocrx_word' id='word_1_321' title='bbox 1171 3816 1202 3870; x_wconf 88' lang='lat' dir='ltr'><strong>at</strong></span> <span class='ocrx_word' id='word_1_322' title='bbox 1233 3805 1415 3886; x_wconf 83' lang='lat' dir='ltr'><strong>elegantiore</strong></span> <span class='ocrx_word' id='word_1_323' title='bbox 1442 3805 1550 3870; x_wconf 88' lang='lat' dir='ltr'><strong>litera-</strong></span> 
     </span>
     <span class='ocr_line' id='line_1_35' title="bbox 304 3906 1550 3989; baseline 0 -19"><span class='ocrx_word' id='word_1_324' title='bbox 304 3926 370 3970; x_wconf 91' lang='lat' dir='ltr'><strong>rum</strong></span> <span class='ocrx_word' id='word_1_325' title='bbox 402 3906 529 3970; x_wconf 89' lang='lat' dir='ltr'><strong>scientia</strong></span> <span class='ocrx_word' id='word_1_326' title='bbox 560 3906 784 3987; x_wconf 76' lang='lat' dir='ltr'><strong>prestandum,</strong></span> <span class='ocrx_word' id='word_1_327' title='bbox 816 3907 917 3988; x_wconf 91' lang='lat' dir='ltr'><strong>utique</strong></span> <span class='ocrx_word' id='word_1_328' title='bbox 937 3907 1075 3972; x_wconf 87' lang='lat' dir='ltr'><strong>litaratas</strong></span> <span class='ocrx_word' id='word_1_329' title='bbox 1097 3908 1225 3972; x_wconf 87' lang='lat' dir='ltr'><strong>haberet</strong></span> <span class='ocrx_word' id='word_1_330' title='bbox 1246 3907 1392 3983; x_wconf 87' lang='lat' dir='ltr'><strong>feminas,</strong></span> <span class='ocrx_word' id='word_1_331' title='bbox 1424 3926 1550 3989; x_wconf 89' lang='lat' dir='ltr'><strong>quarum</strong></span> 
     </span>
     <span class='ocr_line' id='line_1_36' title="bbox 305 4007 1550 4090; baseline -0.001 -20"><span class='ocrx_word' id='word_1_332' title='bbox 305 4007 420 4070; x_wconf 83' lang='lat' dir='ltr'><strong>artibus</strong></span> <span class='ocrx_word' id='word_1_333' title='bbox 442 4007 650 4072; x_wconf 85' lang='lat' dir='ltr'><strong>delectaretur.</strong></span> <span class='ocrx_word' id='word_1_334' title='bbox 694 4007 777 4070; x_wconf 87' lang='lat' dir='ltr'><strong>euius</strong></span> <span class='ocrx_word' id='word_1_335' title='bbox 797 4007 841 4070; x_wconf 85' lang='lat' dir='ltr'><strong>rei</strong></span> <span class='ocrx_word' id='word_1_336' title='bbox 863 4007 1007 4089; x_wconf 89' lang='lat' dir='ltr'><strong>optimum</strong></span> <span class='ocrx_word' id='word_1_337' title='bbox 1029 4010 1142 4090; x_wconf 83' lang='lat' dir='ltr'><strong>praebet</strong></span> <span class='ocrx_word' id='word_1_338' title='bbox 1162 4011 1371 4074; x_wconf 89' lang='lat' dir='ltr'><strong>documentum</strong></span> <span class='ocrx_word' id='word_1_339' title='bbox 1385 4009 1462 4072; x_wconf 90' lang='lat' dir='ltr'><strong>Iulia</strong></span> <span class='ocrx_word' id='word_1_340' title='bbox 1475 4008 1550 4070; x_wconf 89' lang='lat' dir='ltr'><strong>Bal-</strong></span> 
     </span>
     <span class='ocr_line' id='line_1_37' title="bbox 305 4107 1549 4194; baseline 0 -24"><span class='ocrx_word' id='word_1_341' title='bbox 305 4108 392 4184; x_wconf 86' lang='lat' dir='ltr'><strong>billa,</strong></span> <span class='ocrx_word' id='word_1_342' title='bbox 424 4127 491 4189; x_wconf 81' lang='lat' dir='ltr'><strong>quae</strong></span> <span class='ocrx_word' id='word_1_343' title='bbox 522 4108 580 4170; x_wconf 87' lang='lat' dir='ltr'><strong>iter</strong></span> <span class='ocrx_word' id='word_1_344' title='bbox 611 4107 759 4170; x_wconf 88' lang='lat' dir='ltr'><strong>Hadriani</strong></span> <span class='ocrx_word' id='word_1_345' title='bbox 791 4117 823 4172; x_wconf 89' lang='lat' dir='ltr'><strong>et</strong></span> <span class='ocrx_word' id='word_1_346' title='bbox 844 4109 966 4172; x_wconf 81' lang='lat' dir='ltr'><strong>Sabinae</strong></span> <span class='ocrx_word' id='word_1_347' title='bbox 986 4110 1017 4174; x_wconf 93' lang='lat' dir='ltr'><strong>in</strong></span> <span class='ocrx_word' id='word_1_348' title='bbox 1038 4110 1179 4194; x_wconf 83' lang='lat' dir='ltr'><strong>Aegypto</strong></span> <span class='ocrx_word' id='word_1_349' title='bbox 1201 4108 1317 4172; x_wconf 80' lang='lat' dir='ltr'><strong>Graeeis</strong></span> <span class='ocrx_word' id='word_1_350' title='bbox 1338 4109 1369 4172; x_wconf 88' lang='lat' dir='ltr'><strong>iu</strong></span> <span class='ocrx_word' id='word_1_351' title='bbox 1390 4111 1549 4174; x_wconf 85' lang='lat' dir='ltr'><strong>Memnona</strong></span> 
     </span>
     <span class='ocr_line' id='line_1_38' title="bbox 304 4207 1550 4294; baseline 0.001 -24"><span class='ocrx_word' id='word_1_352' title='bbox 304 4209 455 4290; x_wconf 83' lang='lat' dir='ltr'><strong>inscriptis</strong></span> <span class='ocrx_word' id='word_1_353' title='bbox 476 4207 610 4272; x_wconf 90' lang='lat' dir='ltr'><strong>uersibus</strong></span> <span class='ocrx_word' id='word_1_354' title='bbox 632 4207 799 4272; x_wconf 85' lang='lat' dir='ltr'><strong>celebrauit</strong></span> <span class='ocrx_word' id='word_1_355' title='bbox 819 4210 901 4284; x_wconf 90' lang='lat' dir='ltr'><strong>(uide</strong></span> <span class='ocrx_word' id='word_1_356' title='bbox 922 4210 1108 4294; x_wconf 85' lang='lat' dir='ltr'><strong>Excursnm)</strong></span> <span class='ocrx_word' id='word_1_357' title='bbox 1133 4229 1281 4293; x_wconf 89' lang='lat' dir='ltr'><strong>quamque</strong></span> <span class='ocrx_word' id='word_1_358' title='bbox 1304 4210 1550 4274; x_wconf 87' lang='lat' dir='ltr'><strong>Tauromenitani</strong></span> 
     </span>
     <span class='ocr_line' id='line_1_39' title="bbox 303 4305 1628 4401; baseline 0.003 -29"><span class='ocrx_word' id='word_1_359' title='bbox 303 4309 334 4372; x_wconf 92' lang='lat' dir='ltr'><strong>iu</strong></span> <span class='ocrx_word' id='word_1_360' title='bbox 355 4310 444 4374; x_wconf 90' lang='lat' dir='ltr'><strong>titulo</strong></span> <span class='ocrx_word' id='word_1_361' title='bbox 465 4310 496 4372; x_wconf 92' lang='lat' dir='ltr'><strong>in</strong></span> <span class='ocrx_word' id='word_1_362' title='bbox 517 4309 580 4372; x_wconf 88' lang='lat' dir='ltr'><strong>eius</strong></span> <span class='ocrx_word' id='word_1_363' title='bbox 601 4309 745 4373; x_wconf 88' lang='lat' dir='ltr'><strong>bonorem</strong></span> <span class='ocrx_word' id='word_1_364' title='bbox 767 4310 879 4390; x_wconf 88' lang='lat' dir='ltr'><strong>scripto</strong></span> <span class='ocrx_word' id='word_1_365' title='bbox 900 4309 952 4396; x_wconf 86' lang='grc' dir='ltr'><strong>(Ο.</strong></span> <span class='ocrx_word' id='word_1_366' title='bbox 974 4312 1000 4374; x_wconf 92' lang='lat' dir='ltr'><strong>I.</strong></span> <span class='ocrx_word' id='word_1_367' title='bbox 1023 4310 1062 4374; x_wconf 87' lang='lat' dir='ltr'><strong>G.</strong></span> <span class='ocrx_word' id='word_1_368' title='bbox 1076 4310 1175 4396; x_wconf 79' lang='lat'>5904)</span> <span class='ocrx_word' id='word_1_369' title='bbox 1195 4306 1252 4396; x_wconf 77' lang='grc' dir='ltr'><strong>τὴν</strong></span> <span class='ocrx_word' id='word_1_370' title='bbox 1272 4309 1328 4376; x_wconf 75' lang='lat' dir='ltr'><strong>tna</strong></span> <span class='ocrx_word' id='word_1_371' title='bbox 1347 4310 1434 4401; x_wconf 71' lang='lat' dir='ltr'><strong>adop</strong></span> <span class='ocrx_word' id='word_1_372' title='bbox 1454 4305 1550 4400; x_wconf 71' lang='grc' dir='ltr'><strong>ἀρειῇ</strong></span> <span class='ocrx_word' id='word_1_373' title='bbox 1626 4367 1628 4376; x_wconf 18' lang='grc' dir='ltr'><em>Α</em></span> 
     </span>
     <span class='ocr_line' id='line_1_40' title="bbox 303 4408 1549 4501; baseline 0.002 -27"><span class='ocrx_word' id='word_1_374' title='bbox 303 4409 492 4501; x_wconf 66' lang='lat' dir='ltr'><strong>campomirg</strong></span> <span class='ocrx_word' id='word_1_375' title='bbox 512 4414 568 4474; x_wconf 78' lang='lat' dir='ltr'><strong>act</strong></span> <span class='ocrx_word' id='word_1_376' title='bbox 589 4412 690 4496; x_wconf 71' lang='grc' dir='ltr'><strong><em>σοφίᾳ</em></strong></span> <span class='ocrx_word' id='word_1_377' title='bbox 711 4408 954 4496; x_wconf 76' lang='lat' dir='ltr'><strong>drauptsrooooev</strong></span> <span class='ocrx_word' id='word_1_378' title='bbox 975 4420 1095 4476; x_wconf 88' lang='lat' dir='ltr'><strong>uocant.</strong></span> <span class='ocrx_word' id='word_1_379' title='bbox 1138 4420 1244 4494; x_wconf 88' lang='lat' dir='ltr'><strong>atquo,</strong></span> <span class='ocrx_word' id='word_1_380' title='bbox 1265 4421 1300 4475; x_wconf 91' lang='lat' dir='ltr'><strong>ut</strong></span> <span class='ocrx_word' id='word_1_381' title='bbox 1320 4413 1413 4488; x_wconf 89' lang='lat' dir='ltr'><strong>solet,</strong></span> <span class='ocrx_word' id='word_1_382' title='bbox 1440 4412 1549 4493; x_wconf 81' lang='lat' dir='ltr'><strong>praeci-</strong></span> 
     </span>
     <span class='ocr_line' id='line_1_41' title="bbox 303 4511 1547 4595; baseline 0.002 -21"><span class='ocrx_word' id='word_1_383' title='bbox 303 4532 360 4592; x_wconf 92' lang='lat' dir='ltr'><strong>pue</strong></span> <span class='ocrx_word' id='word_1_384' title='bbox 391 4514 470 4576; x_wconf 86' lang='lat' dir='ltr'><strong>inter</strong></span> <span class='ocrx_word' id='word_1_385' title='bbox 500 4531 553 4574; x_wconf 87' lang='lat' dir='ltr'><strong>eoa</strong></span> <span class='ocrx_word' id='word_1_386' title='bbox 584 4513 635 4595; x_wconf 90' lang='lat' dir='ltr'><strong>qui</strong></span> <span class='ocrx_word' id='word_1_387' title='bbox 661 4513 828 4577; x_wconf 88' lang='lat' dir='ltr'><strong>litterarum</strong></span> <span class='ocrx_word' id='word_1_388' title='bbox 855 4521 886 4576; x_wconf 91' lang='lat' dir='ltr'><strong>et</strong></span> <span class='ocrx_word' id='word_1_389' title='bbox 907 4513 1016 4578; x_wconf 90' lang='lat' dir='ltr'><strong>artium</strong></span> <span class='ocrx_word' id='word_1_390' title='bbox 1038 4511 1255 4593; x_wconf 82' lang='lat' dir='ltr'><strong>elegantiarum</strong></span> <span class='ocrx_word' id='word_1_391' title='bbox 1276 4514 1431 4577; x_wconf 85' lang='lat' dir='ltr'><strong>communi.</strong></span> <span class='ocrx_word' id='word_1_392' title='bbox 1445 4531 1547 4578; x_wconf 84' lang='lat' dir='ltr'><strong>amore</strong></span> 
     </span>
     <span class='ocr_line' id='line_1_42' title="bbox 303 4613 1546 4696; baseline 0.002 -21"><span class='ocrx_word' id='word_1_393' title='bbox 303 4613 453 4676; x_wconf 87' lang='lat' dir='ltr'><strong>coniuncti</strong></span> <span class='ocrx_word' id='word_1_394' title='bbox 472 4621 558 4689; x_wconf 85' lang='lat' dir='ltr'><strong>sunt,</strong></span> <span class='ocrx_word' id='word_1_395' title='bbox 579 4613 771 4680; x_wconf 78' lang='lat' dir='ltr'><strong>familiaritas</strong></span> <span class='ocrx_word' id='word_1_396' title='bbox 792 4615 902 4678; x_wconf 86' lang='lat' dir='ltr'><strong>crescit</strong></span> <span class='ocrx_word' id='word_1_397' title='bbox 923 4623 955 4678; x_wconf 91' lang='lat' dir='ltr'><strong>et</strong></span> <span class='ocrx_word' id='word_1_398' title='bbox 976 4613 1113 4696; x_wconf 75' lang='lat' dir='ltr'><strong>quanm</strong></span> <span class='ocrx_word' id='word_1_399' title='bbox 1130 4633 1202 4676; x_wconf 88' lang='lat' dir='ltr'><strong>uaus</strong></span> <span class='ocrx_word' id='word_1_400' title='bbox 1224 4622 1257 4678; x_wconf 89' lang='lat' dir='ltr'><strong>et</strong></span> <span class='ocrx_word' id='word_1_401' title='bbox 1274 4613 1430 4681; x_wconf 68' lang='lat' dir='ltr'><strong>muniam</strong></span> <span class='ocrx_word' id='word_1_402' title='bbox 1445 4633 1546 4678; x_wconf 86' lang='lat' dir='ltr'><strong>eorum</strong></span> 
     </span>
    </p>
   </div>
   <div class='ocr_carea' id='block_1_5' title="bbox 0 0 1806 5552">
    <p class='ocr_par' dir='ltr' id='par_1_7' title="bbox 0 0 1806 5552">
     <span class='ocr_line' id='line_1_43' title="bbox 0 0 1806 5552; baseline 0 1"><span class='ocrx_word' id='word_1_403' title='bbox 0 0 1806 5552; x_wconf 95' lang='lat' dir='ltr'><strong> </strong></span> 
     </span>
    </p>
   </div>
  </div>
 </body>
</html>
