3602 5552
313 545 353 598 52
789 552 879 608 Julius
902 551 1070 607 Gentemll.

310 717 395 794 lecit,
417 720 577 800 quiaillud
598 721 667 787 lesse
686 743 740 806 pro
762 743 797 786 eo
819 723 895 805 quod
918 729 964 784 est
985 721 1090 786 lenisse
1111 722 1158 784 uel
1179 719 1280 784 liniare
1302 722 1453 786 alinando
1469 744 1556 788 num-

310 837 398 901 quam
431 820 527 901 legere
560 825 688 889 memini
732 825 804 888 nihil
828 834 929 889 tamen
958 825 997 886 ad
1022 823 1118 886 locum
1142 823 1356 887 restituendum
1379 845 1424 888 me
1446 825 1555 888 afferre

309 939 396 1003 posse
419 922 507 986 facila
529 926 633 988 fateor.

392 1022 457 1104 §t
501 1024 603 1108 quinto
634 1026 740 1088 iduum
765 1023 891 1110 Aupast.
920 1025 969 1089 die
996 1022 1109 1109 opacae
1129 1022 1230 1088 &aare
1251 1023 1364 1088 litteras
1385 1026 1556 1110 adoptionis

310 1121 432 1206 occepit.
481 1125 559 1189 hanc
589 1127 780 1207 adoptionem
814 1127 947 1190 artificiis
978 1125 1106 1189 Plotioae
1138 1127 1245 1188 laetam
1279 1147 1345 1191 esse
1367 1129 1556 1192 consentiunt

308 1234 339 1286 et
371 1224 551 1305 Spartianus
582 1237 612 1291 et
643 1228 702 1291 Dio
733 1229 844 1291 LXIX
876 1229 904 1290 l.
952 1227 1011 1290 Dio
1043 1245 1113 1289 uero
1138 1226 1168 1288 id
1196 1227 1253 1289 sibi
1279 1238 1460 1309 compertum
1483 1229 1556 1291 dicit

308 1345 346 1388 ex
378 1325 553 1406 Aproniano
584 1339 671 1410 patre
703 1348 773 1404 suo,
804 1329 854 1410 qui
883 1339 955 1392 tunc
978 1327 1087 1392 Giliciae
1109 1337 1264 1408 praesset,
1286 1338 1411 1392 mortem
1434 1329 1555 1392 Traiani

310 1446 363 1507 per
395 1427 509 1508 aliquos
541 1430 604 1492 dies
638 1431 817 1493 occultatam
850 1431 956 1503 fuisse,
988 1431 1083 1491 doneo
1115 1428 1206 1491 literae
1238 1430 1276 1491 ad
1298 1439 1434 1492 senatum
1458 1431 1555 1494 missa

310 1537 427 1602 essent,
465 1529 570 1609 quibus
603 1550 661 1592 non
694 1531 854 1604 Traianus,
893 1531 944 1592 sed
978 1529 1098 1592 Plotina
1129 1529 1362 1610 subscripsisset.
1416 1531 1556 1613 Spartia-

310 1648 365 1690 nus
397 1629 496 1710 paullo
528 1631 606 1693 infra
638 1631 722 1694 addit
753 1633 900 1713 quendam
933 1631 1121 1710 suppositum
1154 1649 1234 1704 esse,
1267 1633 1316 1713 qui
1343 1651 1396 1713 pro
1424 1632 1554 1694 Traiano

310 1730 387 1792 fessa
420 1749 491 1792 uoce
523 1731 700 1812 loqueretur.
750 1752 815 1814 quae
843 1731 942 1794 omnia
962 1730 1113 1794 Plotinam
1134 1730 1193 1794 Dio
1215 1733 1368 1796 contendit
1389 1731 1425 1810 ἐξ
1444 1731 1555 1819 &prorr-

309 1829 364 1912 κῆς
385 1829 497 1914 φιλίας
520 1833 633 1894 fecisse.
678 1833 706 1894 in
735 1851 792 1914 quo
819 1852 918 1896 secum
950 1833 1014 1912 ipse
1046 1841 1173 1912 pugnat,
1205 1833 1313 1914 quippe
1339 1835 1389 1915 qui
1410 1834 1469 1897 alio
1491 1837 1555 1899 looo

308 1932 450 1995 LXVIII
470 1933 490 1993 5
512 1952 578 1994 earn
601 1933 681 1996 dicat
702 1933 733 1995 in
754 1941 819 1996 toto
840 1932 1010 2014 principatu
1031 1932 1153 1996 Traiani
1176 1953 1208 1994 se
1228 1935 1274 1996 ita
1287 1935 1412 2015 gessisse
1426 1944 1460 1999 ut
1474 1938 1554 1999 omni

309 2042 424 2096 careret
456 2033 692 2112 reprehensione.
740 2034 771 2097 in
803 2054 863 2115 qua
894 2055 925 2096 re
958 2034 1109 2098 consentit
1139 2033 1217 2096 Plin.
1249 2035 1308 2096 min
1331 2037 1475 2118 Panegyr.
1496 2037 1555 2112 83,

309 2153 486 2215 quamquam
509 2153 567 2196 noo
590 2135 688 2214 magni
711 2135 774 2198 eins
796 2135 932 2199 iudicium
957 2135 1124 2198 faciendum
1146 2143 1207 2209 eat,
1228 2155 1318 2217 quum
1334 2155 1414 2199 more
1428 2138 1553 2200 laudan-

308 2234 383 2296 tium
414 2235 443 2297 in
477 2235 571 2296 maius
603 2235 703 2297 ornnia
733 2254 848 2316 semper
879 2247 995 2317 augeat.
1046 2257 1083 2299 ne
1109 2235 1262 2298 minimum
1291 2237 1408 2318 quidem
1429 2238 1553 2301 Aurelio

307 2335 425 2398 Victori
445 2336 522 2398 Caes.
544 2335 626 2398 XIII
648 2337 835 2398 deferendum
857 2347 911 2400 est
954 2338 1081 2400 Dionem
1114 2355 1183 2398 nero
1216 2357 1313 2400 errare
1347 2339 1433 2401 facile
1454 2340 1554 2420 putari

307 2444 423 2515 potest,
455 2456 543 2517 quarn
575 2437 637 2498 sint
663 2437 815 2500 hominum
843 2457 959 2518 semper
984 2457 1070 2500 aures
1099 2437 1190 2498 adid
1212 2438 1415 2518 accipiendum
1438 2460 1552 2522 prona,

306 2538 384 2618 quod
406 2537 534 2618 maligne
556 2537 592 2600 de
614 2538 830 2618 imperantibus
852 2539 979 2601 dicatur.
1023 2538 1203 2619 Spartianus
1231 2558 1299 2601 uero
1328 2539 1358 2601 id
1380 2542 1553 2604 confirmare

306 2656 363 2699 non
387 2639 493 2711 audet,
515 2640 567 2701 sed
588 2657 676 2720 quum
699 2639 735 2700 de
758 2640 833 2702 falsa
853 2640 1012 2719 adoptione
1036 2649 1208 2702 narraturus
1230 2649 1292 2714 est,
1314 2642 1406 2703 uerba
1426 2663 1478 2704 aec
1499 2643 1553 2704 de-

297 2735 427 2821 fuerunt
458 2738 511 2824 qui
538 2739 732 2824 prodiderint
758 2742 914 2821 praemittit
935 2747 969 2802 ut
990 2739 1063 2803 nihil
1085 2740 1125 2802 sit
1147 2759 1237 2821 quare
1259 2742 1414 2804 credamus
1437 2742 1483 2804 his
1505 2743 1553 2804 hi-

303 2841 403 2904 storiae
425 2841 605 2904 auctoribus.

388 2943 484 3005 nuruis
517 2962 587 3005 uero
620 2944 741 3024 adoptio
774 2943 956 3022 significatur
988 2953 1018 3006 et
1042 2943 1162 3024 quidam
1186 2943 1230 3005 ita
1252 2949 1285 3004 ut
1307 2942 1465 3006 uideantur
1485 2964 1552 3006 cum

305 3043 496 3106 festinatione
528 3044 657 3125 quadam
690 3045 753 3108 cusi
786 3065 865 3118 esse,
898 3053 932 3106 ut
963 3045 1086 3108 celerius
1119 3043 1322 3124 diuulgaretur
1350 3045 1471 3124 adoptio
1494 3043 1553 3129 (cfr

305 3144 419 3205 Eolrhel
442 3144 488 3204 VI
509 3163 538 3222 p.
560 3138 621 3207 4⁷3
642 3142 712 3227 sq).
766 3165 866 3209 uerum
899 3145 929 3206 id
962 3146 1093 3208 Traiano
1127 3147 1195 3208 uiuo
1229 3146 1338 3206 lactum
1366 3165 1430 3206 esse
1457 3145 1478 3206 ii
1501 3165 1551 3208 ar-
1582 3221 1586 3230 1

305 3253 399 3324 guunt
431 3244 513 3306 nurni
539 3240 616 3328 (1.1.
646 3264 674 3324 p.
696 3245 757 3308 475
779 3243 838 3330 sq.)
872 3247 921 3327 qui
952 3247 1144 3327 imperatores
1177 3265 1235 3307 una
1267 3253 1383 3307 stantes
1415 3247 1552 3308 dextras-

306 3364 360 3425 que
392 3345 547 3422 iungentes
579 3346 748 3408 ostendunt.
798 3366 887 3427 quare
918 3347 948 3408 id
980 3347 1112 3426 proxime
1140 3348 1177 3409 ad
1199 3347 1285 3408 fidem
1308 3347 1445 3409 accedere
1467 3347 1551 3409 uide-

304 3457 354 3508 tur
386 3444 547 3507 Traianum
580 3445 705 3508 inuitum
738 3448 871 3527 quidem,
902 3448 954 3508 sed
987 3465 1078 3508 uxore
1111 3447 1247 3508 omnibus
1280 3448 1375 3508 modis
1401 3456 1551 3521 tentante,

304 3545 492 3609 Hadrianum
530 3546 697 3626 adoptasse.
751 3548 827 3628 qnod
859 3546 926 3608 uult
962 3546 1162 3626 Gregorouius
1201 3547 1394 3626 Spartianum
1432 3559 1550 3611 secutus

304 3649 365 3733 (cfr
390 3646 535 3710 Meriuale
562 3646 582 3708 l.
605 3647 624 3708 l.
652 3666 681 3726 p.
711 3644 788 3729 390)
821 3647 999 3720 Traianum,
1034 3647 1169 3727 quamuis
1200 3647 1329 3727 perbene
1361 3648 1453 3711 sciret
1485 3668 1550 3711 om·

304 3750 384 3812 niurn
417 3748 556 3829 opinione
589 3748 777 3810 Hadrianum
810 3757 844 3810 ut
874 3745 1047 3809 succederet
1078 3747 1138 3808 iam
1171 3748 1351 3810 destinatum
1384 3769 1463 3823 esse,
1500 3761 1549 3813 ta-

303 3871 367 3912 men
402 3850 537 3928 exemplo
570 3849 669 3928 magni
701 3848 869 3910 Alexandri
903 3847 975 3910 nihil
1008 3849 1044 3910 de
1077 3847 1133 3911 hac
1165 3867 1196 3910 re
1224 3849 1297 3910 certi
1322 3849 1482 3922 statuisse,
1516 3859 1547 3912 ut

303 3952 437 4033 culpam,
469 3950 494 4010 si
528 3949 622 4011 malus
655 3951 770 4011 futurus
802 3959 880 4012 esset
911 3948 1062 4030 princeps,
1095 3969 1113 4011 a
1138 3969 1170 4011 se
1193 3957 1339 4011 auerteret
1360 3950 1389 4012 in
1413 3971 1477 4025 eos,
1499 3952 1548 4032 qui

302 4073 368 4114 eum
391 4051 530 4113 delecturi
552 4059 665 4123 essent,
687 4051 731 4122 id,
752 4051 887 4132 quamuis
911 4050 1034 4112 Traiani
1056 4052 1085 4112 in
1110 4051 1176 4112 aliis
1197 4051 1285 4112 rebus
1309 4051 1439 4113 imitatio
1466 4071 1548 4134 qnae-

302 4155 370 4216 dam
410 4151 510 4232 magni
547 4150 715 4213 Alexandri
753 4153 909 4232 perspicua
947 4151 1014 4225 sit,
1046 4152 1164 4214 minime
1204 4153 1334 4214 moribus
1367 4162 1397 4215 et
1428 4153 1547 4232 ingenio

301 4255 364 4317 eius
400 4261 631 4327 consentaneum
671 4271 733 4312 esse
769 4254 917 4315 existimo.
950 4288 989 4298 —-
1022 4251 1152 4316 natalem
1190 4251 1369 4336 adoptionis.
1428 4254 1547 4315 (lasau-

304 4355 396 4417 bonus
429 4355 466 4417 ad
488 4349 528 4416 ’1).
550 4354 568 4414 l.
596 4351 697 4414 docuit
729 4355 844 4415 natales
876 4353 1013 4433 antiquos
1046 4373 1166 4416 uocasse
1199 4373 1300 4416 omnes
1332 4354 1395 4416 dies
1427 4363 1547 4434 propter

301 4457 429 4537 aliquam
462 4454 596 4518 laetitiam
629 4453 771 4534 insignem
805 4455 862 4516 sibi
894 4455 1039 4515 solennes.
1087 4455 1130 4516 sic
1158 4454 1247 4516 etiarn
1271 4453 1459 4516 Christianos
1481 4475 1545 4516 eam

300 4576 402 4618 uocem
436 4575 607 4636 usurpasse,
639 4565 673 4618 ut
704 4555 838 4618 dicerent
869 4555 997 4617 natalem
1031 4554 1227 4616 ordinationis
1260 4565 1291 4615 et
1318 4554 1376 4617 alio
1404 4556 1469 4618 loco
1491 4577 1546 4618 na-

300 4657 389 4720 talem
423 4657 575 4719 cuiusdam
609 4675 667 4738 quo
700 4656 747 4718 die
774 4675 921 4719 summum
946 4655 1143 4718 sacerdotium
1166 4655 1353 4736 suscepisset.
1396 4657 1545 4719 certiores

1786 661 1789 714 l
