3602 5552
280 1621 406 1758 Origo
431 1661 647 1758 imperatoris
673 1658 842 1732 Hadriani
867 1661 1036 1734 uetustior
1059 1687 1080 1735 a
1105 1660 1315 1745 Picentibus,
1332 1661 1529 1760 posteriorl

278 1761 322 1834 ab
353 1759 643 1860 Hispaniensibus
675 1773 808 1843 manat,
841 1762 871 1833 si
901 1761 1043 1859 quidem
1073 1761 1208 1836 Hadria
1237 1777 1330 1838 ortos
1356 1764 1502 1836 maiores

276 1889 357 1936 suos
389 1865 481 1960 apud
506 1858 663 1936 Italicam
688 1859 888 1960 Scipionum
913 1864 1127 1962 temporibus
1152 1866 1318 1940 resedisse
1343 1865 1380 1938 in
1405 1864 1501 1938 libris

277 1965 360 2037 uitae
385 1987 458 2037 suae
483 1963 681 2037 Hadrianus
706 1964 781 2061 ipse
808 1978 1064 2038 commemorat.
1103 1964 1260 2040 Hadrian
1306 1981 1405 2064 pater
1429 1966 1501 2040 Ae-

240 2064 341 2152 slius
367 2064 565 2138 Hadrianus
591 2078 816 2163 cognomento
842 2066 929 2151 Afer
944 2067 1022 2150 fuit
1040 1993 1310 2154 consobrinmil
1310 2067 1418 2142 raiani
1434 2067 1502 2140 im·
1517 2074 1539 2140 2

275 2167 440 2266 peratoris
468 2181 578 2240 mater
603 2165 759 2240 Domitia
784 2151 930 2240 Paulina
955 2167 1113 2242 Gadibus
1138 2183 1213 2244 orta
1235 2195 1330 2243 soror
1355 2168 1502 2242 Paulina

273 2281 381 2367 nupta
417 2266 582 2342 Seruiano
615 2295 700 2342 uxor
737 2267 865 2343 Sabina
901 2281 1022 2342 atauus
1048 2268 1255 2346 Marullinus
1281 2271 1341 2368 qui
1366 2271 1498 2368 primus

275 2370 311 2443 in
335 2395 398 2444 sua
422 2371 553 2444 familia
574 2383 710 2444 senator
735 2371 855 2468 populi
880 2368 1032 2444 Romani
1056 2372 1132 2445 fuit.

373 2485 474 2545 natus
506 2485 560 2546 est
590 2470 717 2545 Roma
748 2470 858 2544 VIIII
889 2472 934 2544 kl.
961 2471 1046 2546 Feb.
1072 2471 1286 2570 Vespasiano
1312 2472 1439 2570 septies
1465 2478 1536 2547 et3

226 2603 261 2658 ιο
276 2571 356 2647 Tito
381 2575 564 2673 quinquies
591 2574 797 2647 consulibus.
840 2599 880 2647 ac
906 2575 1040 2648 decimo
1066 2576 1179 2648 aeoetis
1205 2600 1294 2647 anno
1321 2588 1417 2672 patre
1444 2581 1538 2646 or-4

274 2675 375 2750 batus
413 2673 557 2774 leium
579 2673 765 2754 Traianum
787 2675 987 2772 ppeetorium
1013 2689 1094 2749 tunc
1120 2675 1362 2762 consobrinum
1387 2699 1499 2757 suum,

273 2779 333 2876 qui
362 2790 484 2876 postea
516 2776 702 2874 imperium
731 2777 860 2859 tenuit,
891 2787 927 2848 et
952 2774 1110 2850 Caelium
1137 2776 1320 2848 Attianum
1346 2774 1498 2872 equitem

273 2877 474 2953 Romanum
499 2890 630 2950 tutores
661 2876 792 2949 habuit.
832 2876 1053 2975 imbutusque
1070 2875 1260 2974 impensius
1274 2874 1407 2950 Graecis
1423 2889 1498 2949 stu·
1514 2884 1534 2950 t

271 2980 348 3062 diis,
373 2977 508 3076 ingenio
533 2978 607 3051 eius
632 2977 681 3050 sic
706 2979 751 3050 ad
777 3002 817 3049 ea
842 2978 1034 3052 declinante
1059 2989 1099 3050 ut
1123 3003 1144 3051 a
1164 2977 1336 3051 nonnullis
1350 2975 1535 3074 Graan-2

223 3107 258 3164 15
274 3081 327 3174 lus
358 3079 547 3160 diceretur,
577 3078 833 3176 quintodecimo
864 3103 953 3152 anno
984 3082 1029 3153 ad
1061 3079 1209 3176 patriam
1234 3079 1337 3152 rediit
1361 3104 1401 3152 ac
1427 3092 1519 3174 sta-¹

273 3181 338 3254 tim
363 3179 524 3252 militiam
547 3180 634 3262 iniit
660 3179 818 3254 uenaudo
843 3205 953 3277 usque
977 3182 1023 3254 ad
1047 3180 1347 3280 reprehensionem
1364 3172 1522 3255 studio-⁴

273 3308 341 3356 sus.
392 3306 498 3379 quere
522 3308 543 3354 a
568 3281 716 3356 Traiano
741 3281 909 3356 abductus
933 3308 954 3354 a
979 3283 1091 3381 patria
1115 3294 1151 3356 et
1175 3308 1238 3380 pro
1264 3281 1335 3355 filio
1357 3282 1534 3356 habitus2

272 3411 335 3458 nec
360 3383 470 3458 multo
499 3397 580 3482 post
603 3382 778 3474 decemuir
802 3383 919 3457 litibus
944 3383 1135 3458 iudicandis
1160 3385 1261 3458 datus
1286 3396 1390 3481 atque
1416 3383 1497 3480 inde

272 3487 430 3560 tribunus
455 3487 615 3560 secundm
642 3484 832 3559 Adiutricis
857 3486 999 3583 legionis
1017 3499 1161 3560 creatus.
1193 3497 1273 3582 post
1298 3485 1363 3558 hoc
1388 3486 1425 3558 in
1442 3485 1532 3559 in-3

222 3617 258 3672 no
273 3589 434 3662 seriorem
471 3585 643 3662 Moesiam
682 3587 868 3661 translatus
901 3587 1064 3661 extremis
1090 3588 1160 3661 iam
1186 3584 1380 3660 Domitiani
1405 3599 1495 3660 tem-

269 3688 420 3789 poribus.
458 3689 508 3761 ibi
532 3715 553 3763 a
579 3689 823 3780 mathematico
849 3689 1000 3786 quodam
1025 3691 1069 3762 de
1090 3689 1206 3762 futuro
1223 3687 1368 3785 imperio
1385 3687 1422 3761 id
1440 3688 1531 3761 di-4

268 3792 356 3866 citur
387 3791 580 3888 conperisse
605 3793 698 3889 quod
727 3816 749 3864 a
773 3802 896 3888 patruo
921 3815 1045 3888 magno
1071 3789 1171 3864 Aelio
1197 3788 1377 3862 Hadriano
1402 3788 1494 3886 peri-

269 3894 318 3966 tia
352 3891 544 3966 caelestium
569 3893 714 3966 callente
738 3892 945 3988 praedictum
969 3917 1045 3965 esse
1070 3904 1293 3990 compererat.
1346 3889 1530 3963 Traianob

268 3993 431 4069 aNerua
456 3995 621 4091 adoptato
645 3994 690 4066 ad
714 3993 978 4091 gratulationem
1003 3993 1173 4068 exercitus
1198 3994 1325 4066 missus
1350 3989 1386 4062 in
1403 3989 1493 4064 Ger·

220 4127 254 4184 25
271 4096 421 4170 maniam
447 4096 659 4192 superiorem
684 4095 869 4168 translatus
894 4107 957 4168 cst
990 4121 1033 4170 ox
1058 4119 1126 4192 qua
1151 4094 1317 4170 festinans
1341 4092 1388 4164 ad
1405 4089 1528 4165 Tra-6

266 4199 385 4272 ionum
410 4208 450 4269 ut
474 4197 607 4295 primus
633 4197 805 4270 nuntiaret
830 4221 1007 4271 excessum
1033 4196 1161 4270 Neruae
1186 4220 1207 4267 a
1233 4191 1411 4276 Seruiano,
1433 4219 1489 4268 so·

267 4299 353 4373 roris
378 4298 463 4380 uiro,
489 4298 550 4396 qui
575 4311 611 4371 et
635 4298 831 4396 sumptibus
857 4310 893 4372 et
917 4321 986 4372 aere
1011 4297 1121 4372 alieno
1147 4296 1221 4370 eius
1246 4293 1383 4392 prodito
1401 4293 1489 4369 Tra-

266 4400 337 4473 iani
374 4398 493 4474 0dium
528 4399 565 4472 in
595 4426 675 4473 eum
706 4400 834 4482 mouit,
864 4399 925 4473 diu
951 4401 1109 4473 detentus
1135 4398 1310 4494 fractoque
1335 4397 1490 4472 consulte

267 4501 425 4576 uehiculo
450 4503 621 4586 tardatus,
646 4501 794 4601 pedibus
819 4501 884 4574 iter
908 4501 1038 4574 faciens
1063 4499 1218 4576 eiusdem
1245 4497 1403 4572 Seruiani
1427 4499 1489 4574 be-

217 4631 253 4686 ao
268 4603 482 4677 aeficiarium
516 4605 701 4678 anteuenit
753 4602 887 4700 fuitque
919 4603 956 4674 in
979 4626 1096 4674 amore
1121 4599 1261 4674 Traiani
1284 4625 1349 4674 nec
1372 4602 1528 4676 minen?

268 4729 329 4802 per
349 4705 553 4806 pedagogos
579 4731 773 4804 puerorum.
799 4727 885 4801 quos
910 4701 1077 4778 Traianus
1102 4702 1290 4802 impensius
1315 4701 1489 4802 diligebat,
