3602 5552
663 509 798 580 Spartiaui
821 509 879 564 rita
900 511 1040 568 Hadriani.
1438 508 1475 562 'll

229 682 311 744 Anu.
334 682 348 742 Ι
370 675 422 762 7),
454 701 523 744 uam
554 679 782 761 imperatoribus
814 680 927 744 licitum
960 690 1025 744 erat
1047 681 1162 762 quotics
1185 680 1296 744 uellent
1316 699 1383 742 enrn
1406 699 1479 742 con-

230 802 335 846 uocare
358 780 432 866 (Dio
453 782 536 845 (lass.
559 782 634 844 LIV
655 783 685 844 3.
726 782 792 844 Lex
823 783 859 844 de
890 783 992 862 imper.
1019 781 1207 864 Vespasiano
1234 782 1251 844 l.
1275 781 1294 840 3
1315 778 1396 864 sqq.)
1428 778 1480 842 in-

228 882 324 946 dictus
344 883 513 964 appellatus
535 891 582 945 est
602 881 729 968 (Caput.
752 881 844 945 Gord.
868 879 934 968 ll).
1455 943 1459 950 .

309 978 375 1064 il.
417 991 537 1048 senatus
550 980 715 1066 fastigium
734 982 768 1045 t're
789 991 904 1048 aarum
925 981 1037 1046 ontulit
1081 992 1153 1064 apte
1175 982 1301 1046 contulit
1322 980 1479 1044 Caecubo-

228 1104 283 1146 nus
305 1082 426 1164 leian.
449 1084 468 1146 l.
494 1085 507 1146 l
532 1085 568 1146 de
590 1083 782 1164 adpellation.
823 1084 860 1145 L.
877 1086 904 1146 l.
920 1103 963 1164 pr.
978 1084 1045 1163 Dig.
1059 1104 1079 1145 a
1099 1084 1204 1164 quibus
1226 1082 1368 1164 appellari
1382 1080 1434 1156 49,
1449 1082 1479 1144 2.

227 1183 380 1248 meadum
414 1194 457 1250 eet
488 1183 638 1270 appellari
664 1207 684 1246 o
705 1194 810 1248 renutu
826 1183 998 1269 principem
1018 1205 1079 1246 noo
1096 1205 1203 1268 posse:
1235 1184 1327 1268 idque
1347 1181 1480 1246 oratioue

227 1281 309 1348 Diui
329 1283 488 1348 Hadriani
508 1283 657 1370 effectum.
698 1295 844 1367 praterea
865 1305 954 1368 quum
976 1286 1149 1348 Hadrianus
1164 1286 1194 1347 in
1210 1284 1337 1364 speciem
1352 1284 1477 1346 multum

227 1385 294 1450 lmic
327 1387 423 1450 ordini
455 1387 596 1462 deferret,
628 1395 728 1450 tantm
760 1406 798 1448 ea
829 1386 875 1448 bis
903 1386 1086 1468 temporibus
1109 1384 1243 1466 potentia
1264 1394 1295 1447 et
1315 1385 1479 1448 auctoritas

225 1495 363 1562 mustus,
393 1487 419 1550 si
440 1508 499 1567 qua
520 1489 668 1562 restabat,
696 1487 789 1548 multo
823 1487 914 1550 etiam
946 1486 1040 1567 magis
1066 1487 1224 1550 imminuta
1246 1494 1307 1559 est,
1338 1485 1478 1548 instituto

225 1587 399 1650 consistorio
420 1587 562 1669 principis
585 1586 779 1674 (quamquam
800 1587 830 1650 id
852 1607 959 1650 nomen
982 1608 1040 1650 non
1063 1596 1135 1650 ante
1157 1586 1375 1650 Diocletianum
1391 1607 1478 1650 usur-

225 1696 329 1768 patum
361 1685 543 1772 inuenitur),
575 1689 605 1751 in
632 1707 689 1770 quo
716 1708 775 1750 uon
797 1689 891 1752 solnm
913 1698 1077 1762 senatores,
1099 1687 1264 1750 sedetiam
1286 1688 1337 1750 alii
1358 1696 1390 1749 et
1410 1688 1478 1769 qui-

225 1788 292 1852 dem
314 1789 445 1852 maxime
465 1789 667 1854 iurisconsulti
689 1789 860 1852 assidebant
883 1792 935 1852 elr.
957 1791 1036 1854 inira
1057 1789 1095 1853 ad
1118 1809 1143 1852 c.
1168 1788 1214 1852 18.

306 1891 489 1954 ornamentis
509 1888 716 1952 oomulnrebna
738 1889 904 1974 meldum
928 1889 1048 1977 faceret
1075 1899 1250 1952 senatorem.
1294 1909 1363 1952 uam
1385 1889 1406 1952 ii
1428 1889 1477 1970 qui

223 1990 253 2052 in
277 1992 398 2073 eosqui
420 1990 518 2072 aliquo
550 1991 659 2054 bonore
692 1991 785 2054 functi
813 2001 899 2054 erant
919 1992 1028 2055 adlecti
1050 1999 1082 2054 et
1102 1991 1123 2053 ii
1145 1991 1195 2072 qui
1216 1990 1399 2054 ornamentis
1421 1991 1476 2052 bo-

224 2092 304 2180 noria
325 2091 430 2156 donati
451 2101 538 2169 sunt,
560 2093 650 2156 etiam
672 2091 703 2154 id
725 2093 995 2174 consequebantur,
1017 2102 1051 2156 ut
1064 2111 1118 2156 suo
1132 2092 1255 2174 quisque
1276 2093 1306 2155 in
1329 2092 1431 2154 ordine
1446 2091 1475 2154 id

222 2201 268 2256 cat
288 2192 366 2256 iuter
387 2193 568 2269 consulares,
588 2193 752 2276 pretoriae,
775 2193 930 2268 edificies,
951 2193 1137 2269 tribunitios,
1158 2193 1332 2274 quaestorios
1353 2202 1475 2258 senten-

222 2293 296 2358 tiam
318 2303 502 2374 rogarentur.

306 2395 336 2478 ἧς
356 2395 390 2472 8,
411 2395 431 2459 9
453 2397 505 2458 eir.
526 2396 606 2460 inira
628 2397 667 2459 ad
689 2418 714 2460 o.
739 2396 777 2459 18
798 2397 813 2478 ξ
837 2397 864 2458 1.

307 2497 322 2578 i
346 2497 394 2560 ll.
437 2519 475 2562 ne
495 2507 567 2563 esset
587 2497 723 2562 secunde
743 2497 901 2562 sententia.
924 2498 942 2560 i.
966 2519 992 2560 e.
1015 2517 1050 2560 ne
1072 2497 1236 2560 Seruianus
1258 2506 1316 2566 cet.

308 2596 475 2662 Salmasius
496 2600 525 2662 in
548 2599 759 2663 commentario
782 2600 820 2662 ad
842 2599 920 2662 hunc
940 2600 1034 2662 locum
1050 2599 1114 2660 haec
1130 2599 1220 2662 uerba
1235 2597 1394 2662 subditicia
1408 2617 1474 2662 esse

226 2707 336 2761 censet.
379 2708 410 2762 et
431 2700 507 2762 mira
528 2720 601 2764 sane
623 2709 703 2762 sunt.
746 2720 906 2781 numquam
929 2700 1007 2762 enim
1030 2698 1143 2779 collega
1156 2698 1343 2778 imperatoris
1359 2699 1388 2759 in
1404 2719 1476 2760 con-

225 2798 325 2860 sulatu
347 2800 543 2876 sententiam,
566 2801 623 2863 nisi
644 2801 739 2880 primo
762 2803 839 2874 loco,
861 2800 997 2874 dicebat,
1019 2819 1108 2881 quum
1131 2799 1317 2861 notissimum
1338 2798 1379 2860 sit
1393 2799 1478 2880 prin·

225 2897 289 2978 cipe
321 2900 463 2962 referente
496 2901 633 2962 consules
666 2902 761 2981 rogari
794 2910 824 2964 et
856 2901 973 2982 quidem
1001 2901 1111 2982 primos
1139 2900 1243 2962 solitos
1271 2918 1344 2960 esse.
1386 2919 1475 2982 quum

225 3007 326 3062 autem
348 2999 409 3080 ipse
430 3001 507 3063 alter
528 3001 632 3064 consul
654 3002 794 3075 referret,
814 3001 992 3064 sententiam
1014 3000 1134 3062 omnino
1157 3019 1215 3062 non
1230 2999 1356 3062 dicebat.
1385 3019 1476 3082 quare

224 3099 287 3162 fieri
308 3108 408 3180 potest
429 3111 462 3164 ut
483 3100 519 3163 iis
541 3101 737 3181 temporibus,
770 3101 876 3184 quibus
898 3100 1078 3182 Spartianus
1100 3101 1234 3181 scripsit,
1255 3100 1391 3164 rectruda
1415 3121 1477 3166 eoae

223 3199 373 3264 emmane
404 3202 483 3264 idem
516 3201 604 3266 luerit
623 3211 713 3283 atque
745 3203 776 3264 id
798 3201 876 3283 quod
898 3202 1092 3266 estnecundo
1113 3200 1274 3274 leccenna·
1306 3203 1476 3284 dictumque

223 3302 351 3384 scriptor
370 3303 498 3366 noluerit
519 3302 714 3394 Seruianum,
735 3322 825 3384 quum
847 3302 1053 3384 imperatorem
1080 3304 1223 3384 collegam
1257 3324 1313 3366 non
1337 3304 1476 3378 baberet,

223 3401 319 3484 ipsum
341 3403 432 3466 etiam
453 3423 568 3485 semper
589 3403 732 3468 retulisse.

760 3629 850 3733 Gap.
874 3630 937 3714 IX.

305 3807 370 3888 §L
412 3807 490 3872 inter
511 3808 571 3872 lroec
592 3808 774 3894 -reliquit
796 3847 834 3856 --
856 3810 1013 3876 detinuerit.
1056 3811 1092 3873 de
1117 3808 1278 3891 prouinciis
1300 3810 1339 3874 ab
1360 3810 1473 3874 Hadri-

222 3926 280 3970 ano
302 3908 413 3970 relictis
434 3910 502 3974 uide
523 3929 613 3990 supra
635 3931 660 3972 c.
683 3911 702 3972 b
724 3910 793 3991 §3,
815 3920 849 3974 ut
869 3921 967 3974 totum
989 3920 1081 3992 caput
1100 3910 1263 3992 perlegenti
1285 3907 1472 3991 perspicuum

222 4017 284 4083 est,
315 4008 392 4070 idem
424 4011 501 4089 quod
535 4011 582 4072 hic
608 4011 735 4092 scriptor
768 4012 934 4092 uituperat,
965 4011 1007 4074 ibi
1039 4012 1068 4074 in
1102 4012 1188 4076 laude
1209 4011 1357 4074 Hadriani
1379 4012 1472 4092 ponit.

221 4109 333 4174 theatri
365 4128 436 4171 uero
469 4109 590 4173 Traiani
622 4130 708 4174 nemo
736 4118 845 4191 praeter
872 4111 1066 4192 Spartiauum
1089 4113 1269 4176 mentionem
1293 4111 1374 4174 lacit.
1417 4114 1473 4176 fuit

221 4209 278 4272 hoc
310 4211 437 4272 fortasse
466 4210 620 4272 aediticium
649 4230 708 4273 non
730 4230 867 4291 magnum
890 4231 983 4294 neque
1004 4213 1043 4276 ad
1065 4213 1262 4276 eternitatem
1283 4212 1471 4276 edificatum.

222 4327 311 4392 quare
343 4310 406 4373 lieri
438 4319 537 4392 potest
567 4320 602 4373 ut
628 4311 801 4374 Hadrianus
821 4312 853 4376 id
874 4313 1055 4377 destruxerit
1075 4322 1110 4376 ut
1130 4331 1229 4376 aream
1253 4313 1472 4376 nancisceretur

221 4410 359 4474 Pantheo
381 4409 492 4493 Saeptis
512 4411 650 4476 Basilicae
671 4413 804 4494 Neptuni
825 4413 1025 4478 instaurandis
1047 4412 1117 4498 (cfr.
1139 4413 1217 4478 inira
1238 4432 1264 4476 c.
1288 4411 1326 4475 19
1347 4414 1362 4496 i
1386 4411 1450 4499 16).

303 4512 434 4594 §ecta
456 4531 548 4593 supra
568 4531 593 4576 c.
615 4506 635 4576 7
656 4513 687 4595 §i
710 4515 738 4589 l,
760 4516 790 4576 2.
812 4549 853 4560 -
873 4513 1057 4600 refundebat.
1102 4513 1199 4576 minus
1230 4523 1301 4594 apte
1333 4523 1367 4577 ut
1399 4517 1470 4580 mibi

222 4612 341 4678 uidetur
361 4613 440 4676 hunc
461 4613 543 4676 nocis
563 4634 649 4678 nsum
671 4614 866 4680 Cesaubonua
887 4615 1072 4698 comparauit
1099 4633 1167 4680 curn
1191 4616 1403 4680 consuetudine
1425 4617 1470 4680 lo-

222 4715 331 4794 quendi
352 4713 624 4782 iurisconsultomm
646 4718 725 4799 apud
746 4735 820 4799 quoa
840 4716 918 4782 idem
941 4727 988 4781 est
1002 4724 1092 4800 atqua
1105 4715 1230 4780 ceddae
1244 4713 1314 4804 (cir.
1329 4727 1364 4782 ut
1379 4739 1469 4782 unum
