3602 5552
675 496 812 566 Spnrtinni
837 497 891 550 rita
914 497 1045 552 Hadriani
1078 537 1081 548 .
1210 541 1219 570 s
1370 527 1376 540 ·
1450 493 1489 548 87

241 689 270 750 p.
292 668 362 731 244.
405 667 564 754 confusum
585 687 650 730 eam
671 688 723 750 ego
745 665 944 752 eloquentiam
964 665 1155 728 cntochunnae
1175 668 1236 730 ritu
1253 666 1370 750 partim
1396 666 1492 750 igneis

240 769 367 832 nucibus
388 766 527 842 Catonis,
555 768 672 851 purtim
694 765 812 830 Senecae
833 766 970 830 ancilibus
991 777 1017 830 et
1031 766 1225 854 febriculosus
1243 765 1387 850 prunulis
1414 767 1491 827 insi-

239 881 317 944 tum‚
339 867 569 932 subvertendam
590 889 691 931 censeo
713 878 768 931 cet.
791 877 915 950 apparet
937 868 1027 947 igitur
1048 867 1247 930 catechumene
1275 879 1396 930 uocatos
1425 887 1490 928 esse

239 972 293 1033 hos
315 971 406 1032 libros
429 970 593 1044 Hadriani,
616 970 685 1051 quia
705 969 796 1032 uariis
819 970 907 1031 rebus
930 988 1022 1049 neque
1044 987 1102 1030 uno
1124 969 1272 1032 scribendi
1286 987 1393 1048 genere
1409 987 1491 1030 corn-

239 1071 344 1151 positis
376 1071 515 1152 completi
547 1081 654 1133 essent.
704 1071 781 1152 quod
814 1071 932 1150 quidem
960 1069 1087 1130 maxime
1112 1070 1251 1131 conuenit
1281 1070 1311 1130 in
1339 1089 1436 1130 mores
1458 1079 1489 1129 et

237 1173 385 1252 ingenium
409 1172 569 1246 Hadriani,
592 1191 681 1252 quum
704 1191 770 1234 eum
791 1171 892 1233 omnia
913 1170 1049 1232 omnibus
1065 1170 1136 1232 locis
1151 1170 1328 1250 primoribus
1350 1179 1384 1230 nt
1405 1169 1491 1230 aiunt

239 1272 330 1335 labris
357 1280 527 1353 gustantem
551 1273 672 1334 contuse
695 1279 726 1333 et
747 1272 842 1333 obiter
864 1271 963 1332 brunia
984 1289 1049 1350 qua
1071 1270 1230 1349 cogitasset
1256 1269 1380 1331 uidisset
1402 1270 1489 1332 lecis-

237 1381 281 1434 set
314 1381 461 1438 tractasse
494 1391 612 1435 necesse
638 1381 694 1434 est.
747 1372 809 1434 ueri
838 1371 998 1433 similatis
1029 1390 1066 1432 ex
1098 1371 1154 1432 hoc
1183 1371 1246 1432 loco
1273 1370 1487 1432 Antimachum

237 1492 368 1554 quoquc,
389 1493 474 1554 quem
497 1484 529 1536 et
550 1474 693 1536 obscurus
715 1482 746 1535 et
768 1472 877 1534 multus
900 1472 989 1534 fuisse
1011 1472 1144 1544 uidetur,
1169 1480 1203 1533 ut
1229 1471 1278 1552 qui
1306 1470 1379 1532 libro
1405 1471 1488 1550 uige-

237 1576 311 1636 simo
344 1583 449 1656 quarto
484 1573 655 1636 Thebaidos
684 1581 799 1654 septem
831 1574 934 1634 heroes
961 1572 1089 1634 nondum
1119 1572 1158 1634 ad
1180 1572 1299 1633 Thebas
1321 1572 1489 1652 peruenisse

242 1675 353 1750 lecerit,
374 1675 491 1736 numine
512 1675 764 1737 catachannornm
792 1675 932 1755 praeditos
955 1673 1045 1734 libros
1068 1673 1282 1754 composuisse,
1314 1691 1489 1752 quamquam

241 1775 277 1836 de
299 1775 345 1837 his
367 1774 440 1838 nihil
469 1774 588 1838 aliunde
620 1776 729 1838 scimus
759 1772 829 1860 (cfr.
855 1774 962 1856 Paylly
988 1773 1219 1855 Realencyclop.
1242 1775 1261 1834 2
1283 1771 1365 1834 Aufl.
1387 1793 1411 1834 s.
1434 1773 1490 1857 u).

239 1857 456 1940 Antimachum
489 1895 558 1939 uero
590 1877 723 1939 Homero
750 1877 840 1938 etiam
865 1875 1050 1938 Hadrianum
1073 1873 1235 1953 praetulisse
1256 1873 1411 1936 contendit
1432 1874 1490 1936 Dio

239 1976 323 2039 Cass.
344 1977 454 2039 LXIX
476 1977 496 2038 4
516 1978 566 2040 fin.

321 2078 336 2159 §
357 2077 386 2140 3.
408 2076 500 2140 Floro
516 2085 613 2160 poete
633 2077 693 2139 uid.
714 2077 890 2158 Bernhardy
911 2076 1022 2140 Gesch.
1045 2076 1074 2136 d.
1096 2077 1135 2138 R.
1149 2076 1185 2138 L.
1208 2075 1243 2138 Ο.
1265 2075 1351 2138 Iahn.
1374 2076 1490 2148 Florus,

239 2176 275 2240 Ο.
297 2178 417 2253 Muller,
439 2179 476 2240 de
497 2180 534 2239 P.
556 2177 657 2240 Annio
680 2178 770 2240 Floro
792 2185 889 2257 poeta.
932 2177 1010 2238 iuter
1030 2175 1187 2240 ambulare
1208 2187 1265 2240 cet.
1284 2185 1315 2239 et
1338 2173 1491 2260 Scydricna

239 2286 296 2340 cet.
320 2297 409 2340 unum
432 2297 549 2340 uersum
570 2278 756 2340 intercidisse
778 2277 936 2340 uerisimile
958 2286 1019 2351 est,
1051 2277 1121 2357 quia
1149 2278 1189 2340 ite
1220 2279 1338 2340 demum
1361 2279 1438 2342 inter
1459 2299 1491 2342 se

239 2379 421 2460 respondent
443 2399 546 2442 uersus
568 2380 650 2442 Flori
672 2379 744 2443 etii
766 2398 840 2461 quos
862 2377 1014 2458 rescripsit
1035 2379 1217 2441 Hadrianus.

322 2481 336 2562 §
359 2479 387 2543 6.
430 2477 571 2545 Coelium.
616 2481 788 2544 notissimus
812 2481 860 2543 hic
882 2489 926 2543 est
949 2480 1139 2542 historiarum
1162 2481 1288 2561 scriptor
1312 2481 1348 2542 L.
1370 2481 1489 2543 Coelius

237 2581 409 2663 Antipater.
433 2584 501 2645 uide
523 2584 606 2646 Ann.
617 2581 713 2646 Acad.
729 2583 866 2664 Lugduni
882 2583 952 2644 Bet.
964 2601 991 2643 a.
1008 2581 1104 2656 18213
1126 2582 1243 2644 Kranae
1258 2581 1327 2643 uitae
1341 2591 1372 2642 et
1387 2583 1488 2662 fragm.

238 2683 319 2744 Hist.
342 2684 429 2746 Rom.
452 2704 483 2764 p.
508 2683 566 2746 182
588 2703 649 2766 sqq.
672 2685 809 2746 uidentur
841 2703 930 2764 opera
962 2683 1025 2744 eius
1058 2682 1102 2742 his
1135 2682 1316 2762 temporibus
1339 2681 1433 2743 doctis
1456 2683 1485 2744 in

238 2781 348 2845 deliciis
370 2785 460 2846 luisse
482 2786 534 2845 cfr.
557 2787 670 2846 Fronto
692 2806 720 2866 p.
744 2783 792 2846 63.

319 2879 385 2963 ll.
428 2883 583 2946 matheain.
620 2894 745 2946 utuntur
766 2885 821 2946 hnc
854 2884 946 2945 uerbo
974 2901 1028 2963 pru
1050 2902 1086 2944 ec
1109 2884 1185 2962 quod
1207 2891 1254 2944 est
1276 2883 1490 2946 mathematica

237 2981 306 3066 (cir.
328 2984 411 3046 Suet.
434 2984 532 3045 Tiber.
555 2981 628 3067 69),
661 2992 695 3046 ut
726 2993 819 3046 artem
847 2985 1015 3063 significent
1041 3003 1078 3044 ex
1100 2984 1190 3044 astris
1212 2984 1359 3064 praecipue
1380 2986 1489 3064 praedi-

238 3083 323 3145 cendi
346 3084 414 3164 quid
438 3086 569 3146 futurum
593 3085 634 3147 sit
647 3086 700 3147 cfr.
716 3083 817 3165 Spart.
832 3083 900 3146 Ael.
916 3085 988 3145 Ver.
1003 3084 1023 3145 3
1038 3084 1089 3146 lin.
1103 3084 1298 3146 Prudentium
1314 3087 1383 3147 adu.
1399 3087 1489 3168 Sym-

237 3185 375 3246 machum
397 3187 429 3248 ΙΙ
450 3184 522 3249 893.
564 3185 634 3247 item
668 3185 872 3248 mathematici
904 3203 1018 3265 quoque
1049 3194 1121 3246 sunt
1147 3186 1195 3265 qui
1217 3203 1283 3266 quae
1305 3187 1407 3250 futura
1428 3188 1490 3250 sint

237 3285 431 3366 praesagiendi
452 3286 609 3348 scientiam
631 3288 810 3367 profitentur
835 3285 912 3349 Gall.
933 3286 949 3346 1
971 3285 1000 3348 9.
1034 3287 1104 3348 Tac.
1127 3287 1207 3348 Hist.
1229 3288 1317 3349 122.
1351 3289 1487 3351 quenal.

191 3367 196 3386 ’
237 3395 292 3448 cet.
314 3387 396 3450 XIX
417 3385 479 3449 228
500 3396 557 3449 cet.

319 3486 383 3569 §A
423 3487 613 3574 profectores
633 3488 655 3550 ii
676 3487 863 3550 uocabantur
887 3486 937 3568 qui
958 3496 1088 3567 quastus
1117 3487 1243 3550 faciendi
1268 3507 1361 3551 causa
1387 3488 1488 3552 literas

237 3597 267 3650 et
288 3598 367 3651 artes
388 3590 418 3652 in
441 3590 563 3652 urbibus
592 3589 751 3652 docebant.
780 3590 796 3665 (
799 3586 949 3671 Ulpianus
969 3587 1020 3650 tto.
1042 3587 1063 3650 8
1083 3587 1120 3651 de
1141 3587 1281 3651 omnihus
1312 3587 1487 3651 Tribunatu-

237 3688 299 3752 buc.
342 3711 380 3752 an
404 3700 435 3753 et
456 3689 624 3770 philosophi
648 3691 845 3771 professurum
874 3709 994 3751 numero
1022 3689 1104 3751 sint?
1136 3699 1165 3751 et
1193 3709 1250 3751 nou
1277 3698 1395 3770 putem3
1428 3709 1484 3752 non

237 3790 308 3870 qnia
330 3809 388 3853 non
411 3791 548 3872 religiosa
569 3809 617 3853 res
639 3800 702 3864 est,
724 3791 775 3852 sed
798 3790 867 3871 quia
889 3791 944 3852 hnc
966 3790 1092 3870 primum
1114 3790 1245 3869 profiteri
1273 3810 1324 3852 cos
1351 3799 1486 3872 oportet,

237 3891 449 3954 mercenariam
471 3911 592 3972 operam
614 3909 753 3972 spernere
779 3891 816 3953 L.
834 3891 849 3952 l
867 3888 973 3971 §AB
991 3889 1029 3952 de
1049 3891 1202 3954 entraord.
1224 3889 1412 3974 cognitionib.
1434 3891 1486 3967 50,

239 3990 303 4075 13).
344 3992 421 4053 idern
444 3993 546 4053 eodem
569 3991 632 4054 loco
653 4011 697 4072 pr.
719 4002 750 4052 et
771 3992 786 4073 §
807 3991 826 4053 5
849 3992 982 4053 rhetores
1002 3992 1211 4070 grammaticos
1226 3999 1391 4072 geometres
1413 3991 1485 4053 iuris

237 4091 331 4154 ciuilis
352 4100 549 4172 praeceptores
570 4091 627 4154 hoc
649 4092 778 4154 maxime
801 4092 920 4154 nomine
943 4091 1086 4153 contineri
1108 4092 1208 4165 docet,
1238 4093 1276 4154 ad
1297 4111 1370 4173 quos
1393 4093 1483 4154 etiam

236 4192 469 4254 adnumerantur
490 4192 657 4273 philosophi
674 4192 821 4255 interdum
839 4201 870 4254 et
887 4191 1002 4254 medici.
1024 4192 1060 4254 de
1074 4192 1259 4255 mercedibus
1271 4202 1370 4254 autern
1383 4212 1483 4255 eorum

236 4292 376 4373 praesides
394 4291 626 4374 'prouinciarinm
649 4301 737 4356 extra
757 4293 889 4356 ordinem
910 4292 1040 4355 iudicare
1054 4294 1150 4356 coacti
1165 4301 1259 4356 erant.
1292 4293 1369 4356 tales
1383 4301 1482 4356 antem

236 4395 415 4476 professores
435 4393 496 4456 iam
518 4402 550 4455 et
571 4413 622 4456 eos
648 4393 776 4458 maxime
787 4393 908 4459 Graecos
929 4393 1021 4456 libera
1042 4413 1073 4456 re
1094 4393 1320 4474 publicantium
1335 4394 1440 4456 Roma
1454 4402 1485 4457 et

236 4505 340 4577 postea
370 4494 436 4558 aliis
466 4513 581 4577 quoque
612 4495 684 4558 locis
715 4494 806 4557 inisse
838 4493 1021 4558 notissimum
1055 4502 1117 4568 est,
1149 4513 1327 4576 quamquam
1348 4494 1484 4576 primna

236 4595 381 4660 Romanis
414 4596 623 4677 elegantiarum
656 4597 822 4660 litterarum
854 4595 976 4658 rudibus
998 4594 1074 4658 male
1095 4613 1174 4677 sape
1195 4595 1291 4659 habiti
1311 4605 1391 4660 sunt.
1413 4595 1482 4684 (clr.
