3602 5552
322 563 361 617 'id
789 566 879 622 Julius
900 567 1070 623 Genterwsll.

319 735 420 798 driani
454 756 550 819 usque
581 739 623 800 ad
655 757 743 802 suum
763 745 886 820 tempus
909 739 1073 815 mansisse,
1093 759 1164 803 cum
1187 759 1247 823 qno
1270 737 1428 802 consentit
1451 737 1557 804 Aurel.

320 836 405 901 Vict
428 838 487 920 Ep.
509 840 603 902 XIV.

399 937 465 1018 58.
507 947 611 1002 contra
637 950 763 1004 semron
790 961 917 1004 moruru.
960 961 999 1004 ex
1020 961 1083 1022 quo
1106 959 1205 1024 neque
1228 941 1364 1004 sedecim
1387 940 1477 1004 anuis
1500 939 1561 1002 mi-

319 1056 412 1101 nores
445 1060 545 1123 nsque
577 1059 634 1104 sex
659 1049 691 1104 et
713 1042 921 1123 quadraginta
943 1042 1076 1105 maiores
1100 1042 1217 1106 milites
1240 1042 1458 1106 scribebantur
1479 1040 1563 1126 (Po-

319 1138 382 1222 lyb.
415 1141 461 1204 VI
496 1140 534 1205 19
561 1142 631 1205 Liu.
667 1144 776 1206 XLIII
800 1144 839 1206 14
861 1153 892 1207 ct
913 1144 952 1207 al.
975 1141 1050 1226 loc.)
1072 1143 1243 1226 primorum
1266 1150 1370 1206 autem
1393 1144 1562 1225 imperato-

320 1260 387 1303 rum
419 1243 611 1325 temporibus
645 1263 742 1326 usque
764 1246 804 1307 ad
827 1244 1112 1328 quinquagesimum
1136 1265 1251 1308 aunum
1274 1244 1357 1308 ciues
1380 1243 1491 1326 scripti
1514 1245 1564 1306 lu-

319 1343 382 1404 isse
404 1343 555 1407 uidcntur.
577 1342 704 1430 (Senec.
727 1347 766 1408 de
788 1347 874 1408 bren.
896 1347 952 1410 uit.
974 1347 1025 1411 20.
1048 1345 1182 1418 Quintil.
1203 1349 1282 1410 lust.
1304 1365 1349 1410 or.
1371 1347 1428 1421 IX,
1450 1348 1480 1420 2,
1494 1343 1563 1429 85).

319 1441 401 1524 quod
423 1444 535 1510 iterum
558 1447 695 1510 mutauit
716 1447 908 1511 Hadrianus.

857 1737 945 1841 Gap.
966 1738 1029 1820 Xl.

402 1949 461 2031 tl.
494 1952 596 2034 pergit
611 1951 798 2033 Spartianus
818 1949 849 2012 in
864 1949 904 2012 iis
919 1951 1087 2013 narrandis
1106 1967 1172 2033 quae
1187 1951 1228 2012 ad
1247 1969 1311 2012 rem
1329 1948 1494 2012 militarem
1514 1950 1563 2011 lc-

321 2048 399 2110 cerit
413 2051 606 2115 Hadrianus.
638 2051 758 2114 condia
777 2048 932 2113 militaria.
957 2053 1116 2114 conditum
1134 2052 1291 2126 estlocus,
1304 2051 1335 2114 iu
1348 2069 1407 2132 quo
1419 2059 1563 2114 seruatur

322 2151 512 2214 frumentum
535 2153 666 2235 aliaeque
689 2171 738 2214 res
760 2152 802 2214 ad
824 2171 981 2216 annonam
1004 2153 1206 2235 pertinentes.
1250 2154 1304 2214 cfr.
1328 2151 1437 2230 Spart.
1461 2148 1560 2214 Gord.

321 2250 371 2314 28.
414 2251 618 2334 Symmachus
650 2255 731 2335 Epp.
765 2253 805 2315 ad
828 2253 970 2316 diuersos
990 2256 1024 2318 X
1044 2255 1085 2316 40
1107 2262 1139 2316 et
1159 2253 1208 2317 55.
1252 2252 1328 2316 (iod.
1350 2252 1562 2316 Theodosi).

319 2350 341 2415 9
375 2352 413 2414 de
445 2355 561 2418 suariis
593 2361 651 2418 cet.
683 2355 732 2430 14,
764 2354 786 2418 4
819 2355 939 2418 condita
966 2353 1150 2440 portanaria.
1193 2355 1283 2417 Paul.
1305 2354 1324 2416 l.
1346 2355 1367 2414 2
1388 2353 1503 2416 decret.
1525 2355 1561 2415 L.

320 2447 361 2516 97
394 2455 433 2516 D.
467 2456 505 2518 de
537 2456 595 2538 leg.
629 2465 661 2518 et
692 2455 923 2518 fideicommiss.
955 2457 997 2519 32
1018 2456 1066 2520 tit.
1088 2475 1148 2519 uno
1170 2454 1203 2516 iu
1223 2453 1342 2518 cardito
1361 2473 1469 2517 curma
1490 2475 1562 2518 esse.

322 2574 389 2636 queo
420 2554 572 2620 militaria
605 2557 731 2620 condita
763 2565 877 2638 parata
904 2564 995 2620 erant
1017 2557 1152 2620 maxime
1174 2556 1205 2618 in
1226 2556 1355 2618 urbibus
1380 2574 1447 2637 qua
1469 2555 1501 2618 iu
1523 2555 1562 2617 li-

321 2656 396 2718 mite
428 2658 541 2738 posita
574 2665 680 2721 erant.
712 2659 795 2722 unde
828 2659 869 2720 ad
901 2667 1006 2721 castra
1034 2657 1321 2739 aprouincialibus
1343 2658 1560 2722 conferrentur

320 2777 419 2840 neque
450 2760 584 2841 amplius
610 2779 703 2841 qnam
725 2761 852 2823 tertiam
873 2759 1093 2823 alimentorum
1114 2767 1237 2840 partem
1258 2757 1320 2838 ipsi
1342 2757 1459 2820 milites
1481 2759 1562 2820 ferre

321 2867 505 2940 cogerentur
526 2863 581 2924 olr.
604 2860 680 2925 (lod.
702 2861 821 2935 Theod,
843 2860 878 2924 O.
902 2861 941 2923 lb
962 2861 1000 2924 de
1016 2867 1133 2941 erogat
1148 2878 1262 2922 annon.
1277 2858 1341 2922 mil.
1353 2854 1382 2932 7,
1392 2857 1423 2920 4.
1440 2857 1564 2922 Cassu-

321 2961 421 3024 bouus
444 2962 510 3025 haec
531 2963 659 3026 condita
680 2969 713 3026 et
733 2961 830 3025 totius
852 2981 980 3024 annouae
1001 2961 1147 3024 militaris
1168 2960 1340 3035 rationem,
1361 2959 1563 3041 imperatori-

320 3061 379 3122 bus
402 3081 492 3142 quum
513 3063 575 3126 iter
595 3083 653 3144 per
672 3063 852 3145 prouincias
875 3064 1015 3126 facerent
1036 3062 1183 3144 exposita
1198 3080 1265 3124 esse
1279 3068 1380 3142 putet.
1396 3095 1434 3106 -
1448 3059 1564 3124 reditus

319 3159 535 3244 provinciales,
558 3165 670 3245 quibus
692 3162 847 3226 exercitus
869 3164 1036 3227 alerentur.

403 3261 418 3343 §
439 3264 469 3324 2.
510 3263 654 3347 sepimine
674 3285 799 3327 morum.
822 3264 954 3327 Codices
976 3265 1028 3327 bio
1042 3263 1160 3327 habent
1173 3262 1255 3348 sepio
1271 3283 1361 3326 mose.
1383 3281 1450 3343 qoae
1465 3260 1562 3325 uerba

321 3360 521 3425 Oasaubonus
553 3364 635 3426 idem
668 3364 772 3426 ualere
803 3373 896 3445 putat
928 3374 1021 3448 atque
1054 3365 1095 3428 ad
1128 3382 1227 3427 mores
1250 3364 1332 3444 regis
1354 3364 1404 3426 uel
1425 3363 1562 3444 impera-

321 3461 410 3526 toris.
454 3482 526 3526 uam
558 3462 650 3526 istius
682 3463 740 3526 aui
762 3465 932 3546 scriptores
954 3483 1036 3546 saepe
1059 3483 1161 3546 regem
1183 3483 1240 3546 pro
1263 3463 1405 3546 principe
1427 3463 1478 3526 uel
1499 3465 1559 3526 im-

321 3572 466 3646 peratore
489 3565 598 3628 dicuut
619 3564 797 3645 etquidem
819 3564 993 3628 rectissime
1014 3574 1180 3648 postquam
1202 3565 1266 3627 iam
1288 3563 1478 3627 Aurelianus
1493 3563 1562 3626 dia-

322 3666 411 3728 dema
442 3665 621 3746 sumpserit.
666 3671 697 3727 et
729 3664 832 3728 Graeci
864 3665 937 3728 inde
969 3684 990 3727 a
1024 3664 1133 3746 primis
1165 3664 1407 3745 imperatoribus
1428 3664 1563 3748 docuisse

322 3766 477 3829 dicebaut.
519 3766 692 3831 Salmasius
713 3764 864 3828 consumis
885 3785 943 3846 pro
957 3765 1138 3828 ccaoersotie
1152 3765 1202 3828 uel
1216 3764 1457 3830 occaecantibus
1471 3787 1563 3832 usur·

321 3874 427 3950 patum
461 3868 539 3931 uult.
582 3867 658 3950 quid
690 3885 765 3930 uero
798 3865 842 3930 sit
862 3866 940 3930 illud
959 3865 1043 3950 sepio
1064 3885 1145 3928 more
1166 3866 1325 3949 explicare
1346 3885 1468 3931 summu
1490 3869 1562 3933 dili·-

299 4041 301 4054 ,
321 3969 425 4051 gentis
446 3969 538 4032 uitat.

402 4070 466 4134 iam
489 4088 563 4133 uero
586 4077 720 4152 apparet
741 4075 883 4134 neutram
909 4069 1139 4151 interpretandi
1162 4069 1315 4133 rationem
1337 4071 1473 4152 speciem
1495 4071 1562 4135 ueri

321 4191 385 4254 prae
406 4192 440 4235 ss
462 4173 559 4236 ferre:
581 4171 650 4254 quis
674 4170 755 4232 enim
785 4190 932 4253 umquam
955 4171 1004 4234 uel
1027 4172 1108 4254 apud
1131 4172 1244 4234 infima
1266 4172 1370 4234 aetatis
1392 4171 1561 4255 scriptores

322 4275 386 4336 tale
419 4273 493 4354 quid
525 4272 617 4347 uidit,
642 4278 678 4335 nt
697 4270 780 4353 cepio
800 4293 882 4336 more
903 4272 1051 4353 scriptum
1074 4273 1118 4335 sit
1137 4292 1194 4354 pro
1218 4291 1253 4335 co
1276 4273 1360 4354 quod
1381 4281 1430 4336 cst
1449 4273 1491 4335 nd
1510 4295 1561 4338 re-

318 4375 386 4458 pios
416 4393 524 4436 mores.
567 4373 664 4436 multo
697 4371 794 4454 igitur
825 4373 950 4435 mallem
980 4373 1047 4435 hac
1078 4374 1174 4437 uerba
1206 4373 1254 4435 ita
1285 4373 1503 4456 interpretari,
1526 4382 1561 4436 ut

324 4476 389 4537 sint
410 4475 492 4537 idem
516 4480 611 4556 atque
633 4470 766 4557 eucarpio
787 4481 815 4534 et
834 4472 966 4535 institutio
986 4472 1088 4556 dique,
1109 4474 1191 4557 quod
1210 4494 1265 4537 ree
1285 4473 1333 4537 uei
1352 4474 1516 4559 imperator
1530 4499 1562 4538 e-

322 4575 383 4638 dat.
425 4594 496 4637 nam
528 4581 653 4638 constat
680 4575 776 4637 etiam
799 4573 883 4653 apud
903 4581 1026 4638 ueteres
1048 4574 1217 4656 scriptores
1239 4575 1333 4637 moris
1354 4595 1460 4639 uocem
1483 4595 1560 4640 een·

323 4675 391 4738 dem
423 4693 505 4756 saepe
537 4675 600 4738 uim
631 4675 747 4738 habere
780 4681 874 4756 atque
907 4674 1080 4756 exemplum
1114 4681 1146 4737 et
1166 4675 1344 4740 institutum
1366 4677 1420 4739 clr.
1444 4697 1492 4739 ex.
1514 4697 1558 4758 gr.

323 4775 388 4842 (lio.
409 4795 467 4863 pro
488 4775 604 4841 Flacco
627 4795 653 4842 o.
676 4771 695 4843 7
717 4785 749 4840 ct
769 4775 857 4840 illam
879 4775 1075 4842 notissimam
1097 4776 1282 4844 locutionem
1299 4773 1560 4843 Carneadeomore
