3602 5552
322 517 362 574 et
797 521 887 578 Julius
909 521 1079 578 0666661611.

320 692 470 762 mouunie
501 699 618 773 reperto
648 692 747 774 ibique
778 694 809 756 in
842 693 919 756 strIo
946 693 1025 756 uillae
1045 701 1167 758 serustn
1187 692 1262 756 libro
1282 693 1322 756 sd
1342 691 1374 756 id
1394 693 1563 774 conscripto

320 793 520 873 copiosissime
551 802 582 856 et
613 794 838 875 praecisriseiure
869 795 1032 876 expiiosnit
1062 795 1168 857 Dsnus
1194 793 1244 856 ille
1264 793 1358 857 Oisus
1378 793 1563 858 Kellermsn.

320 894 511 959 inueniuntur
533 895 623 958 etism
645 894 675 958 in
698 893 765 957 eliis
788 894 885 958 titulis
908 904 939 958 et
960 895 1137 958 beneficisrii
1160 893 1243 957 nulls
1264 913 1364 956 eorum
1386 895 1493 974 quihus
1507 896 1564 958 sd-

320 995 388 1058 iocti
419 1004 519 1058 essent
550 996 630 1058 fecte
661 995 810 1058 mentione
841 1004 873 1056 et
900 995 1078 1058 beneficiarii
1099 995 1393 1070 cohortie‚‘tribnni,
1413 997 1564 1058 semestris

319 1095 380 1180 (cir
399 1095 521 1158 Henzen
543 1091 625 1160 6792
645 1095 690 1177 6),
710 1096 859 1177 praefeoti,
879 1097 1078 1177 eubpraefecti‚
1100 1094 1241 1158 stolerchi
1263 1094 1299 1181 (Ι.
1321 1096 1341 1157 l.
1362 1090 1455 1170 6670,
1476 1115 1562 1177 quem

319 1198 522 1260 Mommsenus
544 1199 669 1260 eundem
691 1217 756 1259 esse
778 1205 867 1278 putet
887 1217 923 1260 sc
937 1199 1109 1278 prefectum
1126 1195 1247 1282 classis)
1269 1195 1367 1276 Iegsti,
1388 1197 1563 1260 consuleris.

320 1317 412 1378 neque
443 1297 533 1378 igitur
564 1307 645 1360 certo
672 1298 789 1362 cuidem
811 1297 924 1362 militine
944 1297 1041 1378 generi
1062 1299 1093 1361 id
1114 1317 1222 1361 munus
1243 1307 1291 1360 est
1310 1297 1480 1377 proprium,
1510 1298 1562 1361 sed

319 1417 372 1479 per
393 1399 494 1460 omniu
513 1418 595 1480 aeqne
615 1398 776 1462 inuenitur.
819 1399 856 1462 de
877 1399 1073 1462 beneficiariis
1094 1399 1224 1481 illisqui
1244 1397 1455 1480 posterioribus
1483 1407 1562 1461 tem-

318 1499 438 1580 poribus
460 1499 564 1562 officiis
585 1501 742 1580 presidum
763 1499 982 1580 prouinciarum
1003 1500 1146 1581 adscripti
1167 1507 1270 1574 eruut,
1296 1498 1365 1561 uide
1385 1499 1563 1581 Msrqnsrdt

319 1601 366 1664 III
388 1602 408 1662 2
429 1621 457 1682 p.
478 1599 541 1663 418
561 1601 631 1664 edu.
652 1595 743 1675 243⁷,
768 1600 819 1664 ubi
840 1600 880 1664 ed
901 1601 981 1663 lucos
1002 1601 1041 1664 nb
1063 1619 1098 1664 eo
1119 1601 1256 1664 leudutos
1276 1599 1347 1664 eddi
1368 1607 1469 1679 potest
1488 1600 1562 1664 God.

318 1700 431 1765 Thood.
454 1701 532 1764 VIII
553 1701 586 1775 4,
609 1696 638 1764 7.

401 1800 465 1883 68.
507 1800 692 1886 nerpiiiunue
723 1811 815 1866 sorice
846 1800 1016 1866 emeretensi.
1058 1801 1126 1885 quis
1149 1798 1259 1886 proceri
1284 1810 1339 1863 cet.
1361 1809 1432 1864 eunt
1458 1821 1562 1866 uersus

318 1901 446 1966 Aeneid.
469 1902 664 1984 V1808sqq.
686 1903 913 1984 uergiliensrum
936 1903 1060 1966 sortium
1082 1903 1141 1965 trie
1162 1921 1270 1983 genere
1284 1902 1413 1964 fuerunt.
1435 1902 1561 1982 pumum

319 2013 399 2077 eret,
420 2022 477 2086 quo
498 2005 667 2066 secerdotes
689 2023 777 2086 quum
799 2005 951 2068 deficiente
973 2005 1032 2067 inm
1054 2003 1156 2066 diuino
1176 2004 1227 2065 illo
1250 2003 1360 2076 furore,
1391 2021 1450 2085 qno
1471 2012 1562 2066 66666

318 2104 454 2170 instincti
476 2105 608 2179 merent,
640 2123 744 2168 uersus
765 2105 823 2186 ipsi
844 2107 941 2168 fucere
962 2124 1020 2168 nou
1042 2104 1168 2185 emplius
1190 2111 1326 2183 possent,
1358 2102 1402 2168 ite
1421 2122 1485 2168 sese
1505 2124 1560 2168 ex-

317 2205 470 2286 66666666,
501 2214 551 2281 ut,
583 2205 661 2287 quod
690 2207 799 2269 fectum
818 2214 865 2268 est
885 2207 1039 2268 Praeneste
1060 2202 1198 2290 (Lampr.
1221 2202 1291 2266 Seu.
1313 2202 1402 2266 Alex.
1424 2223 1449 2266 c.
1471 2202 1507 2288 4)
1529 2213 1560 2268 et

319 2307 347 2372 iu
378 2305 515 2387 Apuuino
542 2301 1125 2393 (TrebeII.PoII.OInud.c.10‚,quo
1155 2305 1220 2368 Ioco
1252 2303 1304 2367 ulii
1334 2304 1368 2367 in
1399 2302 1559 2388 Apennino

316 2403 466 2490 scribunt)
498 2416 631 2470 ueterum
663 2416 817 2488 poetarum
849 2407 982 2470 uersibus
1009 2405 1056 2468 nsi
1076 2416 1107 2470 et
1128 2405 1245 2487 quidem
1266 2405 1297 2467 in
1318 2403 1409 2468 Italis
1430 2407 1559 2470 maxime

316 2508 485 2589 uergiiienis
506 2528 571 2589 quur
592 2509 692 2572 future
712 2516 813 2571 essent
834 2507 1037 2589 predicarent.
1079 2507 1204 2570 alterum
1226 2515 1292 2568 erut
1312 2505 1342 2568 id
1364 2525 1454 2587 genus
1475 2507 1559 2570 ouius

316 2609 364 2672 hic
385 2609 496 2673 mentm
517 2609 552 2671 tit
571 2607 631 2692 (cfr
652 2609 722 2674 Seu.
742 2609 834 2672 Alex.
857 2628 882 2670 c.
906 2605 973 2693 14),
1006 2618 1040 2670 nt
1070 2625 1173 2670 uerene
1204 2606 1357 2687 nergiiiuui
1378 2607 1490 2670 tubulis
1510 2608 1558 2670 in-

314 2692 419 2791 scripti
439 2710 469 2774 in
490 2708 590 2772 sitella
611 2710 805 2774 miscerentur
827 2718 858 2772 et
879 2708 985 2772 deinde
1006 2708 1181 2772 tollerentur
1203 2707 1248 2770 uel
1271 2715 1476 2788 quaterentur,
1503 2709 1558 2770 6ο-

315 2831 370 2875 nec
391 2831 456 2874 sore
477 2810 634 2874 excideret.
678 2810 799 2873 tertium
822 2808 946 2891 denique
967 2809 1010 2872 its
1031 2808 1245 2882 adhibuerunt,
1277 2816 1311 2870 ut
1339 2809 1466 2872 codicem
1490 2829 1558 2872 uer-
1618 2812 1621 2817 ’

313 2913 454 2993 gilisnum
487 2912 654 2993 aperientes
686 2912 716 2974 iu
748 2931 833 2992 quem
861 2911 987 2990 primurn
1010 2909 1177 2975 inciderent
1198 2909 1294 2972 Iocum
1316 2928 1382 2970 eum
1404 2929 1457 2990 pro
1477 2921 1557 2974 sorte
1620 2948 1622 2959 ·

314 3014 476 3086 heberent,
497 3012 574 3094 quod
596 3012 673 3074 idern
694 3012 725 3074 in
747 3011 903 3093 Scriptum
922 3010 1018 3076 Sucro
1039 3009 1205 3074 Christiani
1226 3012 1368 3074 fecerunt.
1410 3013 1455 3074 cfr
1474 3013 1553 3074 Mur·

313 3115 422 3194 qusrdt
441 3113 489 3174 IV
512 3113 540 3175 l.
562 3131 592 3191 p.
616 3113 675 3174 112
696 3121 726 3174 et
747 3113 876 3176 (issenh.
905 3113 944 3174 sd
972 3113 1001 3175 h.
1022 3111 1042 3174 I.
1074 3149 1113 3158 -
1144 3108 1291 3194 sibyllinis
1322 3111 1475 3187 66666666,
1507 3113 1557 3193 qui

314 3214 422 3294 quihus
436 3211 556 3291 scripsit
573 3212 752 3292 Spartianus
767 3213 950 3295 temporibus
966 3213 1034 3276 t'slei
1051 3213 1334 3276 circumferebantur
1349 3210 1431 3295 (uide
1445 3212 1558 3278 (ihom-

314 3333 413 3395 psgny
435 3314 454 3374 Ι.
476 3312 495 3372 Ι.
515 3313 547 3373 11
568 3332 596 3393 p.
618 3310 679 3376 366
699 3312 780 3395 sqq.)
812 3323 843 3376 et
875 3317 1000 3378 fortusse
1024 3314 1103 3376 idem
1129 3319 1216 3386 eunt,
1248 3313 1299 3394 qui
1325 3333 1416 3394 usqne
1442 3315 1480 3378 od
1502 3333 1556 3376 uos

312 3420 524 3495 peruenerunt:

837 3501 887 3562 ss
907 3514 972 3595 μὲι·
999 3507 1097 3578 αὐτὸν
1118 3509 1216 3585 ἄλλος
1237 3507 1361 3590 ἀνάξεις

508 3607 760 3701 Ἀργυρόκρανος
780 3608 879 3699 ἀνὴρ·
901 3615 958 3679 nori
978 3612 1102 3695 οὕνομα
1122 3613 1241 3678 πόντου

502 3713 609 3780 Ἔσται
630 3721 686 3780 καὶ
706 3717 901 3800 πανάριστος
922 3711 1004 3800 ἀνὴρ
1024 3720 1080 3778 nni
1100 3715 1209 3780 πάντα
1230 3715 1356 3799 νοήσας.

314 3838 491 3901 quemquem
513 3821 576 3882 ueri
598 3819 692 3882 simile
713 3829 760 3882 est
780 3838 830 3881 eos
851 3819 944 3882 multo
966 3819 1180 3898 posterioribus
1201 3818 1383 3898 temporibus
1411 3819 1557 3899 composi·

312 3928 360 3983 toe
381 3940 445 3982 esse
465 3920 547 4005 (uide
569 3919 681 3984 Ewuid
701 3921 731 3982 in
755 3918 836 3982 Ahh.
858 3921 887 3982 d.
908 3920 990 3982 Kto.
1012 3920 1162 4000 geselleoh.
1185 3919 1213 3980 6.
1234 3919 1417 3982 Wissensoh.
1431 3920 1461 3982 iu
1476 3919 1556 3984 Got-

312 4021 422 4101 tingen.
464 4022 544 4084 Hist.
567 4022 645 4084 Phil.
667 4022 712 4086 CI.
735 4021 804 4084 Vol.
828 4021 906 4083 VIII
926 4041 956 4102 p.
977 4021 1018 4084 43
1038 4018 1127 4104 sqq).

393 4123 458 4205 §ih
494 4122 575 4209 fano
596 4143 710 4208 qrroqne
732 4119 887 4204 Niceforii
906 4120 1002 4188 Ionis.
1045 4123 1168 4186 uerbum
1189 4121 1330 4184 Nicetbrii
1351 4120 1411 4205 (ite
1432 4120 1553 4184 enimin

312 4224 432 4306 optimis
464 4225 547 4288 libris
573 4225 715 4306 scriptum
737 4222 935 4309 innenimus),
967 4223 1170 4304 accipiendum
1192 4242 1344 4286 censemus
1366 4223 1402 4284 de
1423 4223 1495 4285 mhe
1516 4222 1554 4284 sd

312 4325 485 4406 Euphraten
518 4345 576 4390 non
608 4324 711 4406 procul
741 4325 781 4387 sb
812 4325 928 4386 Edessa
959 4325 1027 4386 site.
1075 4323 1149 4386 nihil
1175 4324 1254 4387 enim
1275 4324 1312 4386 de
1332 4325 1404 4386 Ioue
1426 4323 1554 4403 quodem

313 4425 450 4490 niceforio
482 4428 562 4508 epud
594 4434 711 4489 ueteres
742 4424 906 4498 inuenitur,
938 4425 990 4486 sed
1015 4423 1202 4504 Nicephorius
1228 4424 1277 4488 ille
1304 4442 1420 4504 semper
1440 4424 1554 4505 Iupiter

312 4526 411 4600 sudit,
443 4546 619 4609 quemquem
652 4525 725 4588 nihil
758 4523 911 4605 prohihet,
942 4524 1097 4606 quominus
1124 4525 1206 4588 illum
1238 4525 1379 4588 Niceforii
1407 4524 1561 4606 precipue'

313 4627 424 4690 cultum
446 4635 594 4706 putemus.
635 4627 686 4688 sed
708 4625 849 4708 queritur
869 4627 1015 4708 quomodo
1036 4626 1148 4690 suctum
1170 4625 1226 4702 sit,
1247 4635 1281 4690 ut
1295 4625 1475 4701 Hadrianus,
1495 4625 1554 4706 qui,

313 4736 455 4812 qusntum
488 4728 613 4802 scimus,
644 4727 700 4792 hoe
724 4736 856 4808 ternpore
878 4727 1008 4792 nondum
1029 4727 1060 4788 in
1082 4725 1173 4810 Syris
1193 4728 1295 4792 tuisne
1315 4727 1355 4790 nd
1376 4727 1454 4790 hsnc
1474 4745 1554 4807 prte-
