3602 5552
342 516 381 570 bd
815 517 905 574 Julius
926 517 1096 574 cenmvau.

341 689 382 750 M.
405 687 470 750 'PR
491 689 526 750 P.
547 685 635 751 OOS.
656 689 697 750 11.
718 696 807 771 rapat
826 685 993 752 laureatam
1012 689 1045 751 ire
1065 685 1154 763 ΑΕ,
1181 688 1211 750 in
1232 689 1361 752 obuersa
1380 687 1576 762 RELIQVA

341 788 526 851 VETERA.
559 789 624 852 HS.
655 788 823 852 NOVIES.
856 788 970 853 MILL.
1003 787 1193 852 ABOLITA
1213 789 1246 852 S.
1269 789 1302 851 0.
1324 787 1409 853 lietor
1429 790 1577 877 (Eokhel,

341 889 392 950 alii
412 887 583 972 Imperator
604 911 673 951 eum
693 893 822 972 seeptro)
842 897 926 952 etam
946 888 1132 974 synprapboe
1152 887 1237 976 lrami
1256 889 1381 954 immtee
1394 891 1538 954 comburit
1551 913 1576 954 r.

337 988 443 1065 saeeee.
465 989 498 1052 in
518 988 606 1052 olibe:
627 990 746 1053 adetorrt
761 998 909 1074 praterea
929 989 997 1051 dum
1018 987 1086 1052 alte
1098 989 1224 1077 flpuroe,
1245 989 1279 1053 e'rr
1299 988 1369 1054 atita
1383 1001 1451 1055 tres.
1484 1012 1523 1055 ex
1535 994 1576 1055 ti·

339 1090 402 1152 tulo
423 1110 494 1152 uero
516 1091 652 1166 laudato,
674 1091 723 1172 qui
744 1091 822 1152 hane
844 1090 1047 1154 remissionem
1069 1091 1110 1152 ad
1131 1091 1291 1154 seeundum
1306 1092 1454 1156 Hadriani
1468 1113 1577 1157 eonsu-

340 1191 434 1253 1atum
455 1193 564 1266 refert,
586 1211 652 1253 eam
674 1211 753 1254 anno
777 1190 836 1254 118
856 1197 927 1272 poet
947 1191 1100 1254 dimidium
1122 1192 1232 1254 mensis
1248 1194 1367 1272 augusti
1381 1195 1495 1257 fartam
1510 1213 1577 1256 esse

340 1303 475 1372 apparet.
520 1292 622 1354 euenit
641 1292 733 1372 igitur
752 1293 811 1354 hoe
831 1300 902 1356 ante
924 1299 1021 1356 motus
1044 1292 1252 1356 Sarmatarum
1281 1302 1312 1354 et
1338 1294 1577 1368 Roxolanorum,

338 1401 373 1453 nt
393 1393 502 1473 probet
523 1391 726 1473 Gregomuius
748 1392 783 1476 (Ι.
805 1394 823 1455 1.
845 1413 874 1474 p.
896 1394 937 1455 20
949 1390 1030 1476 sqq.)
1053 1393 1279 1476 malequeh.1.
1302 1392 1481 1475 Spartianus
1496 1396 1576 1458 ordi·

338 1512 406 1556 nem
427 1512 526 1556 rerum
545 1501 719 1574 persecutus
741 1501 796 1556 est.

420 1595 479 1657 iem
502 1614 571 1657 uero
593 1595 744 1676 quaritur,
765 1593 844 1675 quod
866 1592 990 1656 multum
1012 1595 1155 1658 molestie
1176 1596 1273 1659 doetis
1287 1595 1358 1658 uiris
1372 1597 1484 1671 attulit,
1506 1597 1576 1679 quid

340 1703 370 1757 et
392 1695 479 1775 quale
500 1694 605 1767 fuerit,
628 1695 706 1776 qnod
727 1695 901 1756 Hadrianus
922 1695 1081 1770 remiserit,
1103 1695 1267 1778 quibusque
1282 1697 1438 1760 remissum
1451 1699 1501 1762 eit.
1523 1719 1577 1760 ne·

339 1813 394 1876 que
426 1796 505 1858 enim
538 1794 697 1876 ambigitur
730 1795 767 1856 de
795 1814 925 1868 summa,
958 1815 1047 1877 quam
1068 1797 1230 1859 ostendunt
1251 1802 1282 1859 et
1302 1798 1409 1860 titulus
1430 1809 1461 1861 et
1481 1800 1577 1873 numi,

339 1915 404 1977 quae
426 1905 474 1957 est
495 1896 595 1958 nonies
617 1896 726 1958 millies
747 1902 876 1959 centena
897 1895 990 1958 millia
1011 1915 1167 1961 rumorum
1188 1899 1291 1960 uelut
1316 1900 1355 1961 ad
1381 1900 1474 1962 nestri
1499 1907 1577 1962 teru-

226 2043 232 2062 .
338 1997 418 2076 poris
440 1995 586 2058 rationem
598 1997 675 2058 'eam
696 1997 898 2078 exprimamus
920 1998 982 2060 iere
1004 1996 1189 2074 65‚000,000
1210 1999 1265 2062 Th.
1280 1999 1423 2080 prussiae
1442 2007 1576 2064 moneta.

338 2097 369 2159 in
392 2097 470 2159 alliis
492 2116 563 2159 uero
585 2097 713 2160 maxime
735 2097 928 2160 dissentiunt.

422 2195 623 2278 Gregorouius
644 2197 734 2278 igitur
755 2199 829 2260 miro
850 2199 979 2280 quodam
1001 2199 1088 2262 modo
1102 2200 1201 2263 omnia
1215 2199 1399 2262 confundens
1414 2199 1577 2262 maximam

339 2298 409 2360 inde
432 2298 639 2362 difficultatem
661 2299 730 2360 oriri
751 2308 856 2379 putat,
885 2301 961 2381 quod
989 2299 1167 2381 Spartianus
1190 2301 1218 2362 h.
1240 2300 1260 2362 Ι.
1281 2301 1318 2362 de
1339 2301 1375 2362 iis
1397 2300 1485 2364 modo
1507 2301 1576 2363 reli-

340 2399 406 2480 quis
422 2399 544 2473 dixerit,
559 2419 624 2481 quae
638 2400 710 2462 fisco
725 2399 915 2474 deberentur,
930 2419 1056 2481 quocum
1071 2402 1237 2465 consentire
1252 2401 1370 2481 putauit
1383 2401 1501 2464 titulum
1516 2402 1576 2464 iam

340 2499 512 2574 laudatum,
534 2500 592 2562 Dio
614 2519 683 2562 uero
706 2509 737 2562 et
758 2500 794 2562 de
815 2501 866 2575 iis,
887 2519 952 2581 que
973 2502 1062 2575 fiseo,
1083 2510 1114 2564 et
1135 2503 1171 2564 de
1191 2503 1228 2564 iis
1251 2521 1316 2583 qure
1331 2503 1439 2565 serario
1454 2501 1577 2565 Saturni

339 2600 518 2663 deberentur
533 2600 649 2662 loeutus
663 2601 713 2676 eit,
727 2601 875 2664 Eusebius
890 2601 1015 2681 denique
1030 2603 1066 2664 de
1080 2602 1209 2664 Gaesaris
1224 2602 1311 2664 modo
1322 2602 1482 2682 prouinciis
1494 2622 1579 2665 men-

338 2701 448 2763 tionem
471 2701 583 2764 feoerit.
616 2699 692 2770 Qnae
714 2703 814 2763 omnia
828 2702 915 2764 aliter
929 2721 961 2763 se
976 2702 1097 2765 habent.
1120 2704 1307 2784 perspicuum
1323 2703 1400 2764 enim
1416 2709 1472 2778 est,
1486 2704 1580 2766 uerba

339 2801 493 2882 Spartiani
525 2802 568 2864 sio
601 2803 812 2882 distinguenda
844 2823 924 2876 esse,
955 2810 990 2864 ut
1014 2804 1177 2867 scribatur:
1206 2804 1247 2866 ud
1268 2801 1461 2886 eoliipendom
1480 2813 1579 2867 aamm

334 2903 468 2983 qratiam
488 2901 566 2965 rre'bt't
580 2900 864 2988 pretermitteret)
892 2902 1043 2990 infinitum
1058 2904 1218 2987 pecuniam
1239 2923 1305 2988 quea
1318 2905 1396 2991 fiseo
1417 2902 1579 2967 debebatur

332 3004 467 3085 priuatis
488 3003 669 3068 debitoribus
689 3003 723 3066 in
744 3001 819 3067 orbe
839 3013 927 3088 atque
946 3003 1056 3079 Italia,
1087 3006 1120 3067 in
1144 3003 1312 3091 prouineiie
1338 3025 1409 3068 roero
1431 3004 1520 3068 etiem
1541 3025 1580 3067 ee

336 3101 460 3186 reliquie
480 3103 610 3185 inperitae
631 3126 763 3166 semmae
784 3104 900 3168 remisit
921 3115 989 3182 eet,
1012 3106 1117 3194 utliila
1137 3108 1229 3169 uerba
1250 3125 1316 3190 qua
1333 3104 1405 3182 fiseo
1419 3103 1579 3168 debebatur

338 3203 375 3263 ad
398 3203 481 3264 illam
502 3212 619 3266 tantum
642 3206 800 3284 pecuniam
823 3208 1001 3280 referantur,
1022 3226 1087 3288 quae
1109 3207 1139 3270 in
1160 3207 1253 3269 Italia
1275 3207 1349 3268 etin
1364 3206 1437 3268 urbe
1452 3207 1579 3269 remissa

336 3302 386 3363 sit.
428 3321 486 3382 quo
508 3303 580 3364 nihil
602 3305 718 3366 facilius
741 3307 779 3368 ad
800 3306 1024 3386 intelligendum
1047 3326 1112 3368 esse
1132 3317 1242 3388 puteat.
1284 3307 1345 3368 iam
1367 3326 1437 3369 uero
1459 3314 1578 3369 constat

335 3401 408 3463 illud
441 3403 571 3464 maxime
597 3404 627 3464 in
650 3404 706 3467 hae
728 3425 759 3466 re
781 3405 950 3468 interfuisse
972 3408 1050 3468 inter
1071 3409 1192 3470 Italiam
1213 3407 1263 3470 nel
1283 3407 1362 3488 quod
1383 3407 1462 3469 idem
1484 3426 1576 3487 usque

336 3503 374 3564 ad
398 3503 563 3566 Caracalla
585 3511 723 3584 tempora
744 3505 828 3566 ualet
849 3506 929 3567 ciues
950 3507 1104 3569 Romanos
1126 3509 1175 3588 qui
1197 3526 1282 3588 agros
1300 3508 1330 3570 in
1343 3508 1503 3589 prouinciis
1518 3527 1575 3570 non

335 3603 489 3665 habebant
520 3611 552 3665 et
583 3605 751 3685 prouincias
780 3603 828 3674 uel
856 3606 1052 3685 prouinciales
1080 3626 1172 3687 usque
1194 3609 1232 3670 ad
1254 3627 1364 3669 annum
1384 3629 1413 3688 p.
1437 3608 1493 3672 ch.
1515 3606 1576 3671 292

333 3702 438 3786 (quum
460 3704 616 3785 imperium
638 3705 716 3767 inter
738 3714 866 3786 quatuor
886 3705 1083 3787 imperatores
1105 3707 1230 3770 diuisum
1254 3717 1301 3769 est
1323 3716 1354 3769 et
1379 3709 1576 3772 Maximinia-

334 3824 388 3867 nus
410 3805 547 3868 Africam
570 3814 601 3868 et
621 3806 740 3869 Italiam
763 3806 909 3882 obtinuit;
932 3826 989 3888 quo
1012 3809 1093 3871 tauto
1114 3827 1236 3870 neeesse
1258 3815 1323 3870 erat
1346 3809 1435 3872 etiam
1457 3811 1487 3872 in
1508 3812 1576 3872 Ita-

333 3905 375 3967 lia
406 3907 609 3986 possessiones
642 3907 755 3970 tributo
777 3905 916 3991 subiici),
949 3915 983 3970 ut
1003 3907 1046 3970 illi
1066 3908 1237 3972 uicesimam
1259 3918 1376 3972 tantum
1397 3911 1575 3991 penderent,

333 4005 362 4067 hi
385 4006 461 4068 siin
484 4006 645 4087 prouinciis
667 4008 796 4071 Caesaris
818 4009 1000 4071 habitabant
1021 4018 1052 4072 et
1073 4010 1218 4073 tributum
1247 4012 1294 4073 uel
1316 4010 1373 4074 soli
1394 4011 1441 4073 uel
1464 4011 1572 4092 eapitis

332 4113 363 4169 et
384 4127 547 4183 annonam,
569 4109 595 4170 si
616 4128 685 4170 uero
706 4109 738 4171 in
759 4109 795 4170 iis
817 4110 925 4191 quibus
947 4111 1049 4192 pupuli
1071 4131 1177 4175 nomen
1200 4119 1265 4174 erat
1286 4111 1465 4193 stipendium
1487 4112 1572 4197 (Gai.

330 4204 440 4291 1121)
463 4209 628 4284 efficerent,
660 4217 691 4271 et
723 4229 824 4272 omnes
852 4221 1011 4294 postquam
1034 4213 1195 4277 Caracalla
1216 4213 1383 4294 imperante
1406 4213 1486 4276 eines
1507 4213 1573 4275 Ro-

331 4309 412 4371 mani
435 4310 506 4373 faeti
528 4320 615 4373 erant
637 4310 728 4372 etiam
751 4329 788 4372 ee
810 4331 875 4392 quae
897 4313 1027 4393 pendere
1050 4313 1157 4376 eiuium
1180 4323 1271 4377 antea
1293 4316 1407 4386 fuerat,
1436 4313 1493 4376 nisi
1514 4315 1572 4376 im-

331 4410 508 4473 munitatem
531 4411 570 4472 ab
591 4411 772 4492 imperatore
793 4411 892 4494 aliquo
915 4413 1067 4476 consecuti
1078 4423 1172 4502 erant.
1199 4415 1311 4498 cogitat
1324 4415 1415 4496 igitur
1429 4415 1571 4495 Spartia-

330 4528 385 4571 nus
407 4520 438 4572 et
460 4512 496 4573 de
518 4513 677 4592 prouinciis
700 4511 829 4575 Caesaris
852 4521 883 4574 et
905 4512 941 4574 de
962 4513 998 4576 iis
1020 4533 1084 4595 quae
1097 4515 1200 4596 pepuli
1214 4524 1328 4578 uoeatae
1342 4523 1412 4578 sunt
1427 4525 1517 4598 atque
1532 4515 1571 4606 de

329 4608 446 4690 reliquis
468 4631 533 4692 quae
553 4613 584 4674 in
605 4613 665 4674 illis
687 4613 775 4690 fiseo,
798 4613 828 4675 in
851 4612 898 4675 his
920 4616 1024 4677 aerario
1047 4623 1101 4677 aut
1122 4617 1192 4704 fisco
1214 4617 1416 4704 debebantur.¹
1448 4637 1484 4678 ea
1497 4627 1569 4680 uero

328 4727 394 4791 quae
414 4708 445 4772 in
466 4713 539 4808 urbe
560 4722 591 4775 et
610 4713 641 4776 in
660 4713 1002 4779 Italia-remittebantur
1021 4714 1137 4798 reliqua
1159 4717 1284 4780 diuersis
1305 4701 1341 4782 de
1362 4716 1461 4781 nausis
1482 4723 1517 4780 ut
1531 4719 1572 4780 ex'
