<?xml version="1.0" encoding="UTF-8"?>
<!DOCTYPE html PUBLIC "-//W3C//DTD XHTML 1.0 Transitional//EN"
    "http://www.w3.org/TR/xhtml1/DTD/xhtml1-transitional.dtd">
<html xmlns="http://www.w3.org/1999/xhtml" xml:lang="en" lang="en">
 <head>
  <title>
</title>
<meta http-equiv="Content-Type" content="text/html;charset=utf-8" />
  <meta name='ocr-system' content='tesseract 3.04.00' />
  <meta name='ocr-capabilities' content='ocr_page ocr_carea ocr_par ocr_line ocrx_word'/>
</head>
<body>
  <div class='ocr_page' id='page_1' title='image "./spartianivitaha00centgoog_0041.png"; bbox 0 0 3602 5552; ppageno 0'>
   <div class='ocr_carea' id='block_1_1' title="bbox 777 527 1059 586">
    <p class='ocr_par' dir='ltr' id='par_1_1' title="bbox 777 527 1059 586">
     <span class='ocr_line' id='line_1_1' title="bbox 777 527 1059 586; baseline 0.011 -3"><span class='ocrx_word' id='word_1_1' title='bbox 777 527 868 584; x_wconf 75' lang='lat' dir='ltr'><strong>Julius</strong></span> <span class='ocrx_word' id='word_1_2' title='bbox 888 527 1059 586; x_wconf 64' lang='lat' dir='ltr'><strong>murram</strong></span> 
     </span>
    </p>
   </div>
   <div class='ocr_carea' id='block_1_2' title="bbox 848 789 998 894">
    <p class='ocr_par' dir='ltr' id='par_1_2' title="bbox 848 789 998 894">
     <span class='ocr_line' id='line_1_2' title="bbox 848 789 998 894; baseline 0.007 -22"><span class='ocrx_word' id='word_1_3' title='bbox 848 789 927 894; x_wconf 79' lang='lat' dir='ltr'><strong>Gap.</strong></span> <span class='ocrx_word' id='word_1_4' title='bbox 948 789 998 873; x_wconf 88' lang='lat'><strong>11.</strong></span> 
     </span>
    </p>
   </div>
   <div class='ocr_carea' id='block_1_3' title="bbox 303 999 1555 4830">
    <p class='ocr_par' dir='ltr' id='par_1_3' title="bbox 303 999 1545 1183">
     <span class='ocr_line' id='line_1_3' title="bbox 386 999 1545 1086; baseline 0.003 -24"><span class='ocrx_word' id='word_1_5' title='bbox 386 999 450 1082; x_wconf 71' lang='lat' dir='ltr'><strong>tt.</strong></span> <span class='ocrx_word' id='word_1_6' title='bbox 493 1001 536 1063; x_wconf 82' lang='lat' dir='ltr'><strong>ud</strong></span> <span class='ocrx_word' id='word_1_7' title='bbox 561 1001 699 1086; x_wconf 76' lang='lat' dir='ltr'><strong>patriam</strong></span> <span class='ocrx_word' id='word_1_8' title='bbox 728 1001 828 1067; x_wconf 82' lang='lat' dir='ltr'><strong>rediit.</strong></span> <span class='ocrx_word' id='word_1_9' title='bbox 870 1002 912 1065; x_wconf 85' lang='lat' dir='ltr'><strong>cd</strong></span> <span class='ocrx_word' id='word_1_10' title='bbox 942 1021 998 1085; x_wconf 88' lang='lat' dir='ltr'><strong>pro</strong></span> <span class='ocrx_word' id='word_1_11' title='bbox 1029 1021 1064 1065; x_wconf 89' lang='lat' dir='ltr'><strong>eo</strong></span> <span class='ocrx_word' id='word_1_12' title='bbox 1094 1004 1173 1086; x_wconf 93' lang='lat' dir='ltr'><strong>quod</strong></span> <span class='ocrx_word' id='word_1_13' title='bbox 1199 1011 1246 1067; x_wconf 91' lang='lat' dir='ltr'><strong>est</strong></span> <span class='ocrx_word' id='word_1_14' title='bbox 1272 1004 1305 1068; x_wconf 85' lang='lat' dir='ltr'><strong>ia</strong></span> <span class='ocrx_word' id='word_1_15' title='bbox 1331 1005 1421 1068; x_wconf 88' lang='lat' dir='ltr'><strong>huius</strong></span> <span class='ocrx_word' id='word_1_16' title='bbox 1445 1004 1545 1068; x_wconf 78' lang='lat' dir='ltr'><strong>aetatis</strong></span> 
     </span>
     <span class='ocr_line' id='line_1_4' title="bbox 303 1098 803 1183; baseline 0.008 -21"><span class='ocrx_word' id='word_1_17' title='bbox 303 1098 463 1182; x_wconf 74' lang='lat' dir='ltr'><strong>scriptores</strong></span> <span class='ocrx_word' id='word_1_18' title='bbox 484 1101 649 1183; x_wconf 74' lang='lat' dir='ltr'><strong>sepissime</strong></span> <span class='ocrx_word' id='word_1_19' title='bbox 670 1110 803 1166; x_wconf 89' lang='lat' dir='ltr'><strong>utuntur.</strong></span> 
     </span>
    </p>

    <p class='ocr_par' dir='ltr' id='par_1_4' title="bbox 307 1201 1553 2494">
     <span class='ocr_line' id='line_1_5' title="bbox 385 1201 1546 1287; baseline 0.003 -22"><span class='ocrx_word' id='word_1_20' title='bbox 385 1201 495 1287; x_wconf 78' lang='lat' dir='ltr'><strong>patrio</strong></span> <span class='ocrx_word' id='word_1_21' title='bbox 515 1222 586 1266; x_wconf 91' lang='lat' dir='ltr'><strong>uero</strong></span> <span class='ocrx_word' id='word_1_22' title='bbox 608 1205 801 1278; x_wconf 84' lang='lat' dir='ltr'><strong>uocabulum,</strong></span> <span class='ocrx_word' id='word_1_23' title='bbox 822 1203 849 1267; x_wconf 90' lang='lat' dir='ltr'><strong>si</strong></span> <span class='ocrx_word' id='word_1_24' title='bbox 870 1225 937 1268; x_wconf 90' lang='lat' dir='ltr'><strong>cum</strong></span> <span class='ocrx_word' id='word_1_25' title='bbox 959 1203 1119 1268; x_wconf 85' lang='lat' dir='ltr'><strong>Mariualio</strong></span> <span class='ocrx_word' id='word_1_26' title='bbox 1133 1204 1321 1270; x_wconf 75' lang='lat' dir='ltr'><strong>Hadrianum</strong></span> <span class='ocrx_word' id='word_1_27' title='bbox 1335 1205 1466 1270; x_wconf 78' lang='lat' dir='ltr'>Athenis</span> <span class='ocrx_word' id='word_1_28' title='bbox 1479 1215 1546 1269; x_wconf 90' lang='lat' dir='ltr'><strong>stu-</strong></span> 
     </span>
     <span class='ocr_line' id='line_1_6' title="bbox 307 1295 1547 1389; baseline 0.002 -22"><span class='ocrx_word' id='word_1_29' title='bbox 307 1303 363 1367; x_wconf 90' lang='lat' dir='ltr'><strong>diis</strong></span> <span class='ocrx_word' id='word_1_30' title='bbox 385 1323 418 1366; x_wconf 96' lang='lat' dir='ltr'><strong>se</strong></span> <span class='ocrx_word' id='word_1_31' title='bbox 441 1303 560 1367; x_wconf 78' lang='lat' dir='ltr'>dedisse</span> <span class='ocrx_word' id='word_1_32' title='bbox 580 1312 737 1385; x_wconf 87' lang='lat' dir='ltr'><strong>putamus,</strong></span> <span class='ocrx_word' id='word_1_33' title='bbox 758 1305 803 1368; x_wconf 91' lang='lat' dir='ltr'><strong>ita</strong></span> <span class='ocrx_word' id='word_1_34' title='bbox 824 1295 1029 1388; x_wconf 89' lang='lat' dir='ltr'><strong>accipiendum</strong></span> <span class='ocrx_word' id='word_1_35' title='bbox 1051 1313 1112 1380; x_wconf 85' lang='lat' dir='ltr'><strong>est,</strong></span> <span class='ocrx_word' id='word_1_36' title='bbox 1144 1315 1178 1369; x_wconf 91' lang='lat' dir='ltr'><strong>ut</strong></span> <span class='ocrx_word' id='word_1_37' title='bbox 1198 1306 1326 1370; x_wconf 88' lang='lat' dir='ltr'><strong>Romam</strong></span> <span class='ocrx_word' id='word_1_38' title='bbox 1349 1307 1495 1389; x_wconf 84' lang='lat' dir='ltr'><strong>significet</strong></span> <span class='ocrx_word' id='word_1_39' title='bbox 1516 1317 1547 1370; x_wconf 88' lang='lat' dir='ltr'><strong>et</strong></span> 
     </span>
     <span class='ocr_line' id='line_1_7' title="bbox 308 1404 1547 1486; baseline 0.003 -20"><span class='ocrx_word' id='word_1_40' title='bbox 308 1405 395 1468; x_wconf 80' lang='lat' dir='ltr'><strong>laede</strong></span> <span class='ocrx_word' id='word_1_41' title='bbox 426 1404 471 1466; x_wconf 89' lang='lat' dir='ltr'><strong>ita</strong></span> <span class='ocrx_word' id='word_1_42' title='bbox 499 1405 666 1486; x_wconf 72' lang='lat' dir='ltr'>explicatur</span> <span class='ocrx_word' id='word_1_43' title='bbox 686 1405 759 1470; x_wconf 91' lang='lat' dir='ltr'><strong>illud</strong></span> <span class='ocrx_word' id='word_1_44' title='bbox 778 1406 879 1471; x_wconf 81' lang='lat' dir='ltr'><strong>rediit.</strong></span> <span class='ocrx_word' id='word_1_45' title='bbox 921 1407 967 1470; x_wconf 92' lang='lat' dir='ltr'><strong>sin</strong></span> <span class='ocrx_word' id='word_1_46' title='bbox 988 1425 1058 1470; x_wconf 91' lang='lat' dir='ltr'><strong>uero</strong></span> <span class='ocrx_word' id='word_1_47' title='bbox 1080 1407 1185 1470; x_wconf 75' lang='lat' dir='ltr'><strong>Rome</strong></span> <span class='ocrx_word' id='word_1_48' title='bbox 1207 1416 1239 1470; x_wconf 89' lang='lat' dir='ltr'><strong>at</strong></span> <span class='ocrx_word' id='word_1_49' title='bbox 1260 1416 1362 1472; x_wconf 90' lang='lat' dir='ltr'><strong>natum</strong></span> <span class='ocrx_word' id='word_1_50' title='bbox 1385 1417 1416 1471; x_wconf 88' lang='lat' dir='ltr'><strong>et</strong></span> <span class='ocrx_word' id='word_1_51' title='bbox 1436 1409 1547 1470; x_wconf 88' lang='lat' dir='ltr'><strong>educa-</strong></span> 
     </span>
     <span class='ocr_line' id='line_1_8' title="bbox 307 1508 1548 1591; baseline 0.002 -23"><span class='ocrx_word' id='word_1_52' title='bbox 307 1513 369 1568; x_wconf 86' lang='lat' dir='ltr'><strong>tum</strong></span> <span class='ocrx_word' id='word_1_53' title='bbox 402 1524 558 1569; x_wconf 76' lang='lat' dir='ltr'>censemus</span> <span class='ocrx_word' id='word_1_54' title='bbox 590 1514 622 1569; x_wconf 91' lang='lat' dir='ltr'><strong>et</strong></span> <span class='ocrx_word' id='word_1_55' title='bbox 652 1515 716 1570; x_wconf 84' lang='lat' dir='ltr'><strong>tum</strong></span> <span class='ocrx_word' id='word_1_56' title='bbox 748 1508 866 1570; x_wconf 88' lang='lat' dir='ltr'><strong>demum</strong></span> <span class='ocrx_word' id='word_1_57' title='bbox 895 1508 1011 1570; x_wconf 89' lang='lat' dir='ltr'><strong>uenisse</strong></span> <span class='ocrx_word' id='word_1_58' title='bbox 1033 1508 1066 1570; x_wconf 83' lang='lat' dir='ltr'><strong>ic</strong></span> <span class='ocrx_word' id='word_1_59' title='bbox 1082 1509 1219 1591; x_wconf 69' lang='lat' dir='ltr'><strong>putrim</strong></span> <span class='ocrx_word' id='word_1_60' title='bbox 1240 1528 1297 1590; x_wconf 90' lang='lat' dir='ltr'><strong>quc</strong></span> <span class='ocrx_word' id='word_1_61' title='bbox 1318 1510 1411 1572; x_wconf 90' lang='lat' dir='ltr'><strong>uerbo</strong></span> <span class='ocrx_word' id='word_1_62' title='bbox 1432 1529 1469 1570; x_wconf 83' lang='lat' dir='ltr'><strong>ex</strong></span> <span class='ocrx_word' id='word_1_63' title='bbox 1489 1508 1548 1570; x_wconf 90' lang='lat' dir='ltr'><strong>illis</strong></span> 
     </span>
     <span class='ocr_line' id='line_1_9' title="bbox 307 1607 1548 1691; baseline 0 -21"><span class='ocrx_word' id='word_1_64' title='bbox 307 1627 372 1688; x_wconf 75' lang='lat' dir='ltr'><strong>qnae</strong></span> <span class='ocrx_word' id='word_1_65' title='bbox 404 1616 568 1689; x_wconf 90' lang='lat' dir='ltr'><strong>sequuntur</strong></span> <span class='ocrx_word' id='word_1_66' title='bbox 595 1607 732 1670; x_wconf 75' lang='lat' dir='ltr'><strong>natando</strong></span> <span class='ocrx_word' id='word_1_67' title='bbox 754 1643 794 1654; x_wconf 88' lang='lat'><em>-</em></span> <span class='ocrx_word' id='word_1_68' title='bbox 814 1608 966 1672; x_wconf 78' lang='lat' dir='ltr'><strong>studiosus</strong></span> <span class='ocrx_word' id='word_1_69' title='bbox 992 1608 1171 1672; x_wconf 89' lang='lat' dir='ltr'><strong>uerisimile</strong></span> <span class='ocrx_word' id='word_1_70' title='bbox 1192 1609 1310 1672; x_wconf 89' lang='lat' dir='ltr'><strong>uidetur</strong></span> <span class='ocrx_word' id='word_1_71' title='bbox 1331 1610 1469 1674; x_wconf 77' lang='lat' dir='ltr'><strong>Italicam</strong></span> <span class='ocrx_word' id='word_1_72' title='bbox 1491 1629 1548 1691; x_wconf 92' lang='lat' dir='ltr'><strong>ap·</strong></span> 
     </span>
     <span class='ocr_line' id='line_1_10' title="bbox 308 1707 1548 1790; baseline 0.002 -20"><span class='ocrx_word' id='word_1_73' title='bbox 308 1707 428 1790; x_wconf 87' lang='lat' dir='ltr'><strong>pellari,</strong></span> <span class='ocrx_word' id='word_1_74' title='bbox 450 1708 593 1788; x_wconf 86' lang='lat' dir='ltr'><strong>qnaeritnr</strong></span> <span class='ocrx_word' id='word_1_75' title='bbox 613 1707 683 1788; x_wconf 89' lang='lat' dir='ltr'><strong>quid</strong></span> <span class='ocrx_word' id='word_1_76' title='bbox 704 1707 763 1772; x_wconf 93' lang='lat' dir='ltr'><strong>sibi</strong></span> <span class='ocrx_word' id='word_1_77' title='bbox 783 1709 858 1772; x_wconf 89' lang='lat' dir='ltr'><strong>uelit</strong></span> <span class='ocrx_word' id='word_1_78' title='bbox 878 1710 952 1773; x_wconf 90' lang='lat' dir='ltr'><strong>illud</strong></span> <span class='ocrx_word' id='word_1_79' title='bbox 965 1709 1065 1773; x_wconf 81' lang='lat' dir='ltr'><strong>rediit.</strong></span> <span class='ocrx_word' id='word_1_80' title='bbox 1097 1711 1205 1772; x_wconf 82' lang='lat' dir='ltr'>etenim</span> <span class='ocrx_word' id='word_1_81' title='bbox 1218 1711 1248 1773; x_wconf 94' lang='lat' dir='ltr'><strong>h.</strong></span> <span class='ocrx_word' id='word_1_82' title='bbox 1264 1711 1283 1773; x_wconf 91' lang='lat' dir='ltr'><strong>l.</strong></span> <span class='ocrx_word' id='word_1_83' title='bbox 1298 1711 1370 1774; x_wconf 85' lang='lat' dir='ltr'><strong>nihil</strong></span> <span class='ocrx_word' id='word_1_84' title='bbox 1386 1710 1467 1773; x_wconf 90' lang='lat' dir='ltr'><strong>aliud</strong></span> <span class='ocrx_word' id='word_1_85' title='bbox 1482 1729 1548 1773; x_wconf 88' lang='lat' dir='ltr'><strong>essa</strong></span> 
     </span>
     <span class='ocr_line' id='line_1_11' title="bbox 308 1808 1549 1896; baseline 0.002 -26"><span class='ocrx_word' id='word_1_86' title='bbox 308 1814 411 1891; x_wconf 87' lang='lat' dir='ltr'><strong>potest</strong></span> <span class='ocrx_word' id='word_1_87' title='bbox 432 1827 522 1890; x_wconf 89' lang='lat' dir='ltr'><strong>quam</strong></span> <span class='ocrx_word' id='word_1_88' title='bbox 544 1809 625 1872; x_wconf 83' lang='lat' dir='ltr'><strong>uenit</strong></span> <span class='ocrx_word' id='word_1_89' title='bbox 645 1808 693 1871; x_wconf 91' lang='lat' dir='ltr'><strong>nel</strong></span> <span class='ocrx_word' id='word_1_90' title='bbox 709 1809 866 1896; x_wconf 76' lang='lat' dir='ltr'><strong>profectus</strong></span> <span class='ocrx_word' id='word_1_91' title='bbox 886 1815 937 1874; x_wconf 80' lang='lat' dir='ltr'><strong>est.</strong></span> <span class='ocrx_word' id='word_1_92' title='bbox 978 1810 1056 1892; x_wconf 85' lang='lat' dir='ltr'><strong>quod</strong></span> <span class='ocrx_word' id='word_1_93' title='bbox 1083 1811 1247 1891; x_wconf 85' lang='lat' dir='ltr'><strong>proximum</strong></span> <span class='ocrx_word' id='word_1_94' title='bbox 1270 1830 1341 1874; x_wconf 90' lang='lat' dir='ltr'><strong>nero</strong></span> <span class='ocrx_word' id='word_1_95' title='bbox 1363 1831 1428 1874; x_wconf 87' lang='lat' dir='ltr'><strong>esse</strong></span> <span class='ocrx_word' id='word_1_96' title='bbox 1450 1831 1549 1893; x_wconf 86' lang='lat' dir='ltr'><strong>appa-</strong></span> 
     </span>
     <span class='ocr_line' id='line_1_12' title="bbox 309 1909 1550 1993; baseline 0.003 -23"><span class='ocrx_word' id='word_1_97' title='bbox 309 1916 370 1984; x_wconf 88' lang='lat' dir='ltr'><strong>ret,</strong></span> <span class='ocrx_word' id='word_1_98' title='bbox 402 1927 491 1990; x_wconf 90' lang='lat' dir='ltr'><strong>quum</strong></span> <span class='ocrx_word' id='word_1_99' title='bbox 524 1909 614 1972; x_wconf 89' lang='lat' dir='ltr'><strong>etiam</strong></span> <span class='ocrx_word' id='word_1_100' title='bbox 645 1909 676 1972; x_wconf 88' lang='lat' dir='ltr'><strong>in</strong></span> <span class='ocrx_word' id='word_1_101' title='bbox 702 1910 809 1972; x_wconf 87' lang='lat' dir='ltr'><strong>ultima</strong></span> <span class='ocrx_word' id='word_1_102' title='bbox 834 1911 922 1974; x_wconf 90' lang='lat' dir='ltr'><strong>huius</strong></span> <span class='ocrx_word' id='word_1_103' title='bbox 943 1911 1050 1991; x_wconf 86' lang='lat' dir='ltr'><strong>capitis</strong></span> <span class='ocrx_word' id='word_1_104' title='bbox 1070 1919 1158 1993; x_wconf 85' lang='lat' dir='ltr'><strong>parte</strong></span> <span class='ocrx_word' id='word_1_105' title='bbox 1179 1912 1271 1974; x_wconf 90' lang='lat' dir='ltr'><strong>uerba</strong></span> <span class='ocrx_word' id='word_1_106' title='bbox 1293 1931 1358 1993; x_wconf 83' lang='lat' dir='ltr'><strong>qnae</strong></span> <span class='ocrx_word' id='word_1_107' title='bbox 1381 1911 1550 1976; x_wconf 87' lang='lat' dir='ltr'><strong>scribuntur</strong></span> 
     </span>
     <span class='ocr_line' id='line_1_13' title="bbox 310 2008 1547 2092; baseline 0.002 -20"><span class='ocrx_word' id='word_1_108' title='bbox 310 2009 352 2072; x_wconf 82' lang='lat' dir='ltr'><strong>od</strong></span> <span class='ocrx_word' id='word_1_109' title='bbox 383 2008 548 2072; x_wconf 77' lang='lat' dir='ltr'><strong>amicitiam</strong></span> <span class='ocrx_word' id='word_1_110' title='bbox 582 2008 710 2072; x_wconf 82' lang='lat' dir='ltr'><strong>Troiani</strong></span> <span class='ocrx_word' id='word_1_111' title='bbox 739 2010 831 2074; x_wconf 82' lang='lat' dir='ltr'><strong>rediit</strong></span> <span class='ocrx_word' id='word_1_112' title='bbox 861 2011 905 2074; x_wconf 87' lang='lat' dir='ltr'><strong>ita</strong></span> <span class='ocrx_word' id='word_1_113' title='bbox 937 2012 1115 2092; x_wconf 86' lang='lat' dir='ltr'><strong>explicanda</strong></span> <span class='ocrx_word' id='word_1_114' title='bbox 1146 2011 1221 2086; x_wconf 88' lang='lat' dir='ltr'><strong>sint,</strong></span> <span class='ocrx_word' id='word_1_115' title='bbox 1257 2022 1291 2076; x_wconf 89' lang='lat' dir='ltr'><strong>ut</strong></span> <span class='ocrx_word' id='word_1_116' title='bbox 1322 2013 1353 2075; x_wconf 91' lang='lat' dir='ltr'><strong>in</strong></span> <span class='ocrx_word' id='word_1_117' title='bbox 1385 2012 1547 2076; x_wconf 82' lang='lat' dir='ltr'><strong>amicitiant</strong></span> 
     </span>
     <span class='ocr_line' id='line_1_14' title="bbox 309 2109 1551 2195; baseline 0.002 -23"><span class='ocrx_word' id='word_1_118' title='bbox 309 2109 432 2172; x_wconf 86' lang='lat' dir='ltr'><strong>Traiani</strong></span> <span class='ocrx_word' id='word_1_119' title='bbox 455 2117 517 2172; x_wconf 90' lang='lat' dir='ltr'><strong>tum</strong></span> <span class='ocrx_word' id='word_1_120' title='bbox 539 2109 667 2191; x_wconf 89' lang='lat' dir='ltr'><strong>primum</strong></span> <span class='ocrx_word' id='word_1_121' title='bbox 688 2109 863 2174; x_wconf 76' lang='lat' dir='ltr'><strong>Hadrianus</strong></span> <span class='ocrx_word' id='word_1_122' title='bbox 884 2122 1020 2194; x_wconf 90' lang='lat' dir='ltr'><strong>receptus</strong></span> <span class='ocrx_word' id='word_1_123' title='bbox 1041 2113 1091 2176; x_wconf 89' lang='lat' dir='ltr'><strong>sit.</strong></span> <span class='ocrx_word' id='word_1_124' title='bbox 1140 2121 1172 2175; x_wconf 89' lang='lat' dir='ltr'><strong>et</strong></span> <span class='ocrx_word' id='word_1_125' title='bbox 1192 2113 1294 2176; x_wconf 89' lang='lat' dir='ltr'><strong>multis</strong></span> <span class='ocrx_word' id='word_1_126' title='bbox 1315 2114 1458 2195; x_wconf 85' lang='lat' dir='ltr'><strong>exemplis</strong></span> <span class='ocrx_word' id='word_1_127' title='bbox 1481 2113 1551 2176; x_wconf 88' lang='lat' dir='ltr'><strong>Sal-</strong></span> 
     </span>
     <span class='ocr_line' id='line_1_15' title="bbox 310 2210 1551 2296; baseline 0.003 -24"><span class='ocrx_word' id='word_1_128' title='bbox 310 2210 422 2274; x_wconf 86' lang='lat' dir='ltr'><strong>masius</strong></span> <span class='ocrx_word' id='word_1_129' title='bbox 444 2211 632 2274; x_wconf 87' lang='lat' dir='ltr'><strong>confirmauit</strong></span> <span class='ocrx_word' id='word_1_130' title='bbox 652 2211 815 2292; x_wconf 77' lang='lat' dir='ltr'><strong>saepissime</strong></span> <span class='ocrx_word' id='word_1_131' title='bbox 843 2213 914 2276; x_wconf 90' lang='lat' dir='ltr'><strong>illud</strong></span> <span class='ocrx_word' id='word_1_132' title='bbox 936 2235 968 2276; x_wconf 84' lang='lat' dir='ltr'><strong>re</strong></span> <span class='ocrx_word' id='word_1_133' title='bbox 990 2213 1081 2276; x_wconf 89' lang='lat' dir='ltr'><strong>etiam</strong></span> <span class='ocrx_word' id='word_1_134' title='bbox 1103 2214 1184 2296; x_wconf 90' lang='lat' dir='ltr'><strong>apud</strong></span> <span class='ocrx_word' id='word_1_135' title='bbox 1205 2215 1366 2296; x_wconf 76' lang='lat' dir='ltr'><strong>scriptores</strong></span> <span class='ocrx_word' id='word_1_136' title='bbox 1387 2214 1551 2296; x_wconf 89' lang='lat' dir='ltr'><strong>Spartiano</strong></span> 
     </span>
     <span class='ocr_line' id='line_1_16' title="bbox 310 2312 1553 2397; baseline 0.002 -23"><span class='ocrx_word' id='word_1_137' title='bbox 310 2319 493 2392; x_wconf 82' lang='lat' dir='ltr'><strong>attempero</strong></span> <span class='ocrx_word' id='word_1_138' title='bbox 515 2320 545 2374; x_wconf 88' lang='lat' dir='ltr'><strong>et</strong></span> <span class='ocrx_word' id='word_1_139' title='bbox 566 2312 710 2374; x_wconf 89' lang='lat' dir='ltr'><strong>sermonis</strong></span> <span class='ocrx_word' id='word_1_140' title='bbox 732 2313 909 2395; x_wconf 70' lang='lat' dir='ltr'><strong>prestantia</strong></span> <span class='ocrx_word' id='word_1_141' title='bbox 936 2315 1119 2397; x_wconf 81' lang='lat' dir='ltr'><strong>antiquiores</strong></span> <span class='ocrx_word' id='word_1_142' title='bbox 1145 2315 1217 2377; x_wconf 91' lang='lat' dir='ltr'><strong>nihil</strong></span> <span class='ocrx_word' id='word_1_143' title='bbox 1245 2315 1285 2378; x_wconf 89' lang='lat' dir='ltr'><strong>ad</strong></span> <span class='ocrx_word' id='word_1_144' title='bbox 1306 2314 1448 2396; x_wconf 88' lang='lat' dir='ltr'><strong>simplicis</strong></span> <span class='ocrx_word' id='word_1_145' title='bbox 1469 2313 1553 2377; x_wconf 87' lang='lat' dir='ltr'><strong>nocis</strong></span> 
     </span>
     <span class='ocr_line' id='line_1_17' title="bbox 309 2411 876 2494; baseline 0.004 -20"><span class='ocrx_word' id='word_1_146' title='bbox 309 2411 554 2494; x_wconf 87' lang='lat' dir='ltr'><strong>significationem</strong></span> <span class='ocrx_word' id='word_1_147' title='bbox 576 2414 746 2494; x_wconf 83' lang='lat' dir='ltr'><strong>augendam</strong></span> <span class='ocrx_word' id='word_1_148' title='bbox 767 2414 876 2488; x_wconf 79' lang='lat' dir='ltr'><strong>ualere.</strong></span> 
     </span>
    </p>

    <p class='ocr_par' dir='ltr' id='par_1_5' title="bbox 309 2512 1555 4528">
     <span class='ocr_line' id='line_1_18' title="bbox 393 2512 1553 2599; baseline 0.003 -23"><span class='ocrx_word' id='word_1_149' title='bbox 393 2513 411 2596; x_wconf 77' lang='lat'><strong>§-</strong></span> <span class='ocrx_word' id='word_1_150' title='bbox 429 2515 458 2576; x_wconf 85' lang='lat'><strong>2.</strong></span> <span class='ocrx_word' id='word_1_151' title='bbox 500 2513 650 2578; x_wconf 83' lang='lat' dir='ltr'><strong>decemuir</strong></span> <span class='ocrx_word' id='word_1_152' title='bbox 670 2512 771 2578; x_wconf 82' lang='lat' dir='ltr'><strong>litibus</strong></span> <span class='ocrx_word' id='word_1_153' title='bbox 791 2513 962 2578; x_wconf 81' lang='lat' dir='ltr'><strong>iudicandis</strong></span> <span class='ocrx_word' id='word_1_154' title='bbox 983 2515 1087 2590; x_wconf 83' lang='lat' dir='ltr'><strong>dotus,</strong></span> <span class='ocrx_word' id='word_1_155' title='bbox 1109 2518 1154 2580; x_wconf 88' lang='lat' dir='ltr'><strong>olr</strong></span> <span class='ocrx_word' id='word_1_156' title='bbox 1174 2515 1264 2579; x_wconf 84' lang='lat' dir='ltr'><strong>inser.</strong></span> <span class='ocrx_word' id='word_1_157' title='bbox 1287 2535 1376 2599; x_wconf 88' lang='lat' dir='ltr'><strong>quam</strong></span> <span class='ocrx_word' id='word_1_158' title='bbox 1397 2517 1436 2580; x_wconf 91' lang='lat' dir='ltr'><strong>ad</strong></span> <span class='ocrx_word' id='word_1_159' title='bbox 1458 2537 1483 2579; x_wconf 90' lang='lat' dir='ltr'><strong>o.</strong></span> <span class='ocrx_word' id='word_1_160' title='bbox 1504 2517 1553 2580; x_wconf 90' lang='lat' dir='ltr'><strong>Ill</strong></span> 
     </span>
     <span class='ocr_line' id='line_1_19' title="bbox 310 2613 1554 2697; baseline 0.002 -21"><span class='ocrx_word' id='word_1_161' title='bbox 310 2615 325 2697; x_wconf 65' lang='grc' dir='ltr'><strong>ξ</strong></span> <span class='ocrx_word' id='word_1_162' title='bbox 347 2613 367 2676; x_wconf 91' lang='grc'><strong>6</strong></span> <span class='ocrx_word' id='word_1_163' title='bbox 387 2615 534 2677; x_wconf 87' lang='lat' dir='ltr'><strong>dabimus.</strong></span> <span class='ocrx_word' id='word_1_164' title='bbox 563 2623 686 2678; x_wconf 87' lang='lat' dir='ltr'><strong>constat</strong></span> <span class='ocrx_word' id='word_1_165' title='bbox 704 2615 783 2678; x_wconf 83' lang='lat' dir='ltr'><strong>inter</strong></span> <span class='ocrx_word' id='word_1_166' title='bbox 804 2635 906 2678; x_wconf 86' lang='lat' dir='ltr'><strong>omnes</strong></span> <span class='ocrx_word' id='word_1_167' title='bbox 929 2616 1111 2680; x_wconf 86' lang='lat' dir='ltr'><strong>decemuiros</strong></span> <span class='ocrx_word' id='word_1_168' title='bbox 1134 2617 1238 2680; x_wconf 90' lang='lat' dir='ltr'><strong>litibus</strong></span> <span class='ocrx_word' id='word_1_169' title='bbox 1260 2618 1307 2686; x_wconf 83' lang='lat' dir='ltr'><strong>uel</strong></span> <span class='ocrx_word' id='word_1_170' title='bbox 1329 2617 1463 2681; x_wconf 86' lang='lat' dir='ltr'><strong>stlitibus</strong></span> <span class='ocrx_word' id='word_1_171' title='bbox 1475 2617 1554 2679; x_wconf 87' lang='lat' dir='ltr'><strong>iudi-</strong></span> 
     </span>
     <span class='ocr_line' id='line_1_20' title="bbox 310 2715 1553 2799; baseline 0.001 -20"><span class='ocrx_word' id='word_1_172' title='bbox 310 2715 413 2779; x_wconf 85' lang='lat' dir='ltr'><strong>caudis</strong></span> <span class='ocrx_word' id='word_1_173' title='bbox 434 2715 513 2779; x_wconf 88' lang='lat' dir='ltr'><strong>inter</strong></span> <span class='ocrx_word' id='word_1_174' title='bbox 534 2735 586 2779; x_wconf 86' lang='lat' dir='ltr'><strong>eos</strong></span> <span class='ocrx_word' id='word_1_175' title='bbox 608 2717 714 2792; x_wconf 84' lang='lat' dir='ltr'><strong>fuisse,</strong></span> <span class='ocrx_word' id='word_1_176' title='bbox 745 2716 795 2798; x_wconf 89' lang='lat' dir='ltr'><strong>qni</strong></span> <span class='ocrx_word' id='word_1_177' title='bbox 820 2717 976 2798; x_wconf 75' lang='lat' dir='ltr'><strong>questoris</strong></span> <span class='ocrx_word' id='word_1_178' title='bbox 1004 2717 1151 2799; x_wconf 87' lang='lat' dir='ltr'><strong>dignitate</strong></span> <span class='ocrx_word' id='word_1_179' title='bbox 1177 2717 1331 2780; x_wconf 81' lang='lat' dir='ltr'><strong>inferiores</strong></span> <span class='ocrx_word' id='word_1_180' title='bbox 1352 2737 1410 2781; x_wconf 89' lang='lat' dir='ltr'><strong>uno</strong></span> <span class='ocrx_word' id='word_1_181' title='bbox 1431 2717 1553 2797; x_wconf 87' lang='lat' dir='ltr'><strong>uiginti-</strong></span> 
     </span>
     <span class='ocr_line' id='line_1_21' title="bbox 309 2817 1553 2901; baseline -0.002 -19"><span class='ocrx_word' id='word_1_182' title='bbox 309 2818 480 2882; x_wconf 85' lang='lat' dir='ltr'><strong>sexuiratus</strong></span> <span class='ocrx_word' id='word_1_183' title='bbox 512 2817 631 2881; x_wconf 90' lang='lat' dir='ltr'><strong>nomine</strong></span> <span class='ocrx_word' id='word_1_184' title='bbox 664 2817 1001 2898; x_wconf 87' lang='lat' dir='ltr'><strong>comprehendebantur,</strong></span> <span class='ocrx_word' id='word_1_185' title='bbox 1033 2826 1141 2901; x_wconf 88' lang='lat' dir='ltr'><strong>postea</strong></span> <span class='ocrx_word' id='word_1_186' title='bbox 1168 2818 1321 2900; x_wconf 85' lang='lat' dir='ltr'><strong>abrogatis</strong></span> <span class='ocrx_word' id='word_1_187' title='bbox 1351 2820 1389 2880; x_wconf 93' lang='lat' dir='ltr'><strong>ab</strong></span> <span class='ocrx_word' id='word_1_188' title='bbox 1417 2819 1553 2898; x_wconf 85' lang='lat' dir='ltr'><strong>Augusto</strong></span> 
     </span>
     <span class='ocr_line' id='line_1_22' title="bbox 310 2918 1554 3001; baseline -0.001 -19"><span class='ocrx_word' id='word_1_189' title='bbox 310 2919 508 3001; x_wconf 86' lang='lat' dir='ltr'><strong>quatuoruiris</strong></span> <span class='ocrx_word' id='word_1_190' title='bbox 540 2919 598 2981; x_wconf 89' lang='lat' dir='ltr'><strong>iuri</strong></span> <span class='ocrx_word' id='word_1_191' title='bbox 629 2918 755 2982; x_wconf 88' lang='lat' dir='ltr'><strong>dicundo</strong></span> <span class='ocrx_word' id='word_1_192' title='bbox 777 2926 808 2982; x_wconf 89' lang='lat' dir='ltr'><strong>et</strong></span> <span class='ocrx_word' id='word_1_193' title='bbox 829 2918 992 2983; x_wconf 89' lang='lat' dir='ltr'><strong>duumuiris</strong></span> <span class='ocrx_word' id='word_1_194' title='bbox 1013 2920 1071 2984; x_wconf 90' lang='lat' dir='ltr'><strong>niis</strong></span> <span class='ocrx_word' id='word_1_195' title='bbox 1094 2929 1181 2983; x_wconf 88' lang='lat' dir='ltr'><strong>extra</strong></span> <span class='ocrx_word' id='word_1_196' title='bbox 1202 2921 1305 2982; x_wconf 90' lang='lat' dir='ltr'><strong>urbem</strong></span> <span class='ocrx_word' id='word_1_197' title='bbox 1326 2921 1487 3001; x_wconf 86' lang='lat' dir='ltr'><strong>purgandis</strong></span> <span class='ocrx_word' id='word_1_198' title='bbox 1508 2919 1554 2983; x_wconf 86' lang='lat' dir='ltr'><strong>ui-</strong></span> 
     </span>
     <span class='ocr_line' id='line_1_23' title="bbox 310 3019 1553 3101; baseline 0 -19"><span class='ocrx_word' id='word_1_199' title='bbox 310 3020 386 3101; x_wconf 86' lang='lat' dir='ltr'><strong>ginti</strong></span> <span class='ocrx_word' id='word_1_200' title='bbox 406 3027 525 3084; x_wconf 86' lang='lat' dir='ltr'><strong>tantum</strong></span> <span class='ocrx_word' id='word_1_201' title='bbox 547 3019 604 3083; x_wconf 89' lang='lat' dir='ltr'><strong>uiri</strong></span> <span class='ocrx_word' id='word_1_202' title='bbox 624 3021 745 3083; x_wconf 79' lang='lat' dir='ltr'><strong>fiebant.</strong></span> <span class='ocrx_word' id='word_1_203' title='bbox 788 3021 963 3084; x_wconf 89' lang='lat' dir='ltr'><strong>decemuiris</strong></span> <span class='ocrx_word' id='word_1_204' title='bbox 984 3030 1085 3086; x_wconf 89' lang='lat' dir='ltr'><strong>autem</strong></span> <span class='ocrx_word' id='word_1_205' title='bbox 1107 3022 1176 3084; x_wconf 89' lang='lat' dir='ltr'><strong>inde</strong></span> <span class='ocrx_word' id='word_1_206' title='bbox 1199 3022 1237 3082; x_wconf 91' lang='lat' dir='ltr'><strong>ab</strong></span> <span class='ocrx_word' id='word_1_207' title='bbox 1260 3022 1398 3101; x_wconf 85' lang='lat' dir='ltr'><strong>Augusto</strong></span> <span class='ocrx_word' id='word_1_208' title='bbox 1413 3021 1553 3083; x_wconf 87' lang='lat' dir='ltr'><strong>coniunc-</strong></span> 
     </span>
     <span class='ocr_line' id='line_1_24' title="bbox 310 3120 1555 3207; baseline -0.001 -24"><span class='ocrx_word' id='word_1_209' title='bbox 310 3122 420 3183; x_wconf 90' lang='lat' dir='ltr'><strong>tionem</strong></span> <span class='ocrx_word' id='word_1_210' title='bbox 442 3121 593 3202; x_wconf 89' lang='lat' dir='ltr'><strong>quandam</strong></span> <span class='ocrx_word' id='word_1_211' title='bbox 616 3140 682 3184; x_wconf 91' lang='lat' dir='ltr'><strong>cum</strong></span> <span class='ocrx_word' id='word_1_212' title='bbox 704 3121 898 3185; x_wconf 83' lang='lat' dir='ltr'><strong>centumuiris</strong></span> <span class='ocrx_word' id='word_1_213' title='bbox 913 3121 1070 3206; x_wconf 84' lang='lat' dir='ltr'><strong>eorumque</strong></span> <span class='ocrx_word' id='word_1_214' title='bbox 1085 3123 1194 3186; x_wconf 90' lang='lat' dir='ltr'><strong>iudicio</strong></span> <span class='ocrx_word' id='word_1_215' title='bbox 1209 3121 1302 3184; x_wconf 83' lang='lat' dir='ltr'><strong>luisse</strong></span> <span class='ocrx_word' id='word_1_216' title='bbox 1318 3130 1445 3204; x_wconf 90' lang='lat' dir='ltr'><strong>apparet</strong></span> <span class='ocrx_word' id='word_1_217' title='bbox 1460 3120 1555 3207; x_wconf 87' lang='lat' dir='ltr'><strong>(Sue-</strong></span> 
     </span>
     <span class='ocr_line' id='line_1_25' title="bbox 311 3220 1555 3308; baseline -0.002 -23"><span class='ocrx_word' id='word_1_218' title='bbox 311 3230 373 3285; x_wconf 89' lang='lat' dir='ltr'><strong>ton.</strong></span> <span class='ocrx_word' id='word_1_219' title='bbox 395 3220 475 3300; x_wconf 88' lang='lat' dir='ltr'><strong>Aug.</strong></span> <span class='ocrx_word' id='word_1_220' title='bbox 498 3241 523 3283; x_wconf 88' lang='lat' dir='ltr'><strong>c.</strong></span> <span class='ocrx_word' id='word_1_221' title='bbox 546 3221 596 3285; x_wconf 87' lang='grc'><strong>36.</strong></span> <span class='ocrx_word' id='word_1_222' title='bbox 639 3222 697 3284; x_wconf 90' lang='lat' dir='ltr'><strong>Dio</strong></span> <span class='ocrx_word' id='word_1_223' title='bbox 719 3222 805 3285; x_wconf 82' lang='lat' dir='ltr'><strong>Cass.</strong></span> <span class='ocrx_word' id='word_1_224' title='bbox 826 3222 902 3284; x_wconf 89' lang='lat' dir='ltr'><strong>LIV</strong></span> <span class='ocrx_word' id='word_1_225' title='bbox 923 3244 948 3286; x_wconf 88' lang='lat' dir='ltr'><strong>c.</strong></span> <span class='ocrx_word' id='word_1_226' title='bbox 971 3221 1037 3308; x_wconf 87' lang='lat'>26).</span> <span class='ocrx_word' id='word_1_227' title='bbox 1081 3243 1175 3306; x_wconf 86' lang='lat' dir='ltr'><strong>neque</strong></span> <span class='ocrx_word' id='word_1_228' title='bbox 1207 3231 1307 3285; x_wconf 80' lang='lat' dir='ltr'><strong>temen</strong></span> <span class='ocrx_word' id='word_1_229' title='bbox 1340 3221 1437 3304; x_wconf 89' lang='lat' dir='ltr'><strong>qualis</strong></span> <span class='ocrx_word' id='word_1_230' title='bbox 1466 3221 1555 3284; x_wconf 87' lang='lat' dir='ltr'><strong>luerit</strong></span> 
     </span>
     <span class='ocr_line' id='line_1_26' title="bbox 310 3321 1553 3408; baseline -0.002 -22"><span class='ocrx_word' id='word_1_231' title='bbox 310 3324 376 3386; x_wconf 83' lang='lat' dir='ltr'><strong>haec</strong></span> <span class='ocrx_word' id='word_1_232' title='bbox 398 3321 582 3395; x_wconf 88' lang='lat' dir='ltr'><strong>coniunctio,</strong></span> <span class='ocrx_word' id='word_1_233' title='bbox 602 3323 677 3384; x_wconf 87' lang='lat' dir='ltr'><strong>satis</strong></span> <span class='ocrx_word' id='word_1_234' title='bbox 699 3323 827 3397; x_wconf 86' lang='lat' dir='ltr'><strong>scimus,</strong></span> <span class='ocrx_word' id='word_1_235' title='bbox 849 3343 938 3404; x_wconf 89' lang='lat' dir='ltr'><strong>quum</strong></span> <span class='ocrx_word' id='word_1_236' title='bbox 960 3325 1151 3388; x_wconf 84' lang='lat' dir='ltr'><strong>centumuiris</strong></span> <span class='ocrx_word' id='word_1_237' title='bbox 1174 3343 1225 3386; x_wconf 88' lang='lat' dir='ltr'><strong>ens</strong></span> <span class='ocrx_word' id='word_1_238' title='bbox 1242 3322 1418 3408; x_wconf 85' lang='lat' dir='ltr'><strong>praeeedisse</strong></span> <span class='ocrx_word' id='word_1_239' title='bbox 1433 3325 1553 3385; x_wconf 88' lang='lat' dir='ltr'><strong>credere</strong></span> 
     </span>
     <span class='ocr_line' id='line_1_27' title="bbox 311 3421 1553 3509; baseline -0.002 -23"><span class='ocrx_word' id='word_1_240' title='bbox 311 3429 396 3486; x_wconf 84' lang='lat' dir='ltr'><strong>uetet</strong></span> <span class='ocrx_word' id='word_1_241' title='bbox 416 3422 499 3484; x_wconf 89' lang='lat' dir='ltr'><strong>locus</strong></span> <span class='ocrx_word' id='word_1_242' title='bbox 520 3421 611 3484; x_wconf 88' lang='lat' dir='ltr'><strong>Plinii</strong></span> <span class='ocrx_word' id='word_1_243' title='bbox 633 3423 702 3485; x_wconf 88' lang='lat' dir='ltr'><strong>min.</strong></span> <span class='ocrx_word' id='word_1_244' title='bbox 724 3424 803 3504; x_wconf 85' lang='lat' dir='ltr'><strong>Epp.</strong></span> <span class='ocrx_word' id='word_1_245' title='bbox 826 3423 856 3484; x_wconf 89' lang='lat' dir='ltr'>V</span> <span class='ocrx_word' id='word_1_246' title='bbox 877 3426 918 3486; x_wconf 83' lang='lat'><strong>22</strong></span> <span class='ocrx_word' id='word_1_247' title='bbox 942 3433 1088 3509; x_wconf 76' lang='lat' dir='ltr'><strong>pretor</strong></span> <span class='ocrx_word' id='word_1_248' title='bbox 1114 3425 1167 3509; x_wconf 82' lang='lat' dir='ltr'><strong>qai</strong></span> <span class='ocrx_word' id='word_1_249' title='bbox 1191 3425 1385 3488; x_wconf 75' lang='lat' dir='ltr'><strong>contomnitis</strong></span> <span class='ocrx_word' id='word_1_250' title='bbox 1401 3422 1553 3508; x_wconf 75' lang='lat' dir='ltr'><strong>presidet.</strong></span> 
     </span>
     <span class='ocr_line' id='line_1_28' title="bbox 311 3522 1555 3606; baseline -0.002 -18"><span class='ocrx_word' id='word_1_251' title='bbox 311 3531 399 3590; x_wconf 90' lang='lat' dir='ltr'><strong>erant</strong></span> <span class='ocrx_word' id='word_1_252' title='bbox 428 3531 463 3586; x_wconf 92' lang='lat' dir='ltr'><strong>ut</strong></span> <span class='ocrx_word' id='word_1_253' title='bbox 494 3522 586 3587; x_wconf 87' lang='lat' dir='ltr'><strong>ceteri</strong></span> <span class='ocrx_word' id='word_1_254' title='bbox 619 3523 668 3604; x_wconf 93' lang='lat' dir='ltr'><strong>qni</strong></span> <span class='ocrx_word' id='word_1_255' title='bbox 699 3522 905 3604; x_wconf 89' lang='lat' dir='ltr'><strong>uigintiuiratn</strong></span> <span class='ocrx_word' id='word_1_256' title='bbox 935 3526 1147 3605; x_wconf 86' lang='lat' dir='ltr'><strong>fungebantur,</strong></span> <span class='ocrx_word' id='word_1_257' title='bbox 1180 3545 1218 3587; x_wconf 87' lang='lat' dir='ltr'><strong>ex</strong></span> <span class='ocrx_word' id='word_1_258' title='bbox 1239 3523 1388 3606; x_wconf 88' lang='lat' dir='ltr'><strong>equitibus</strong></span> <span class='ocrx_word' id='word_1_259' title='bbox 1408 3523 1555 3589; x_wconf 88' lang='lat' dir='ltr'><strong>Romanis</strong></span> 
     </span>
     <span class='ocr_line' id='line_1_29' title="bbox 312 3616 1555 3718; baseline 0 -30"><span class='ocrx_word' id='word_1_260' title='bbox 312 3616 495 3718; x_wconf 41' lang='lat' dir='ltr'><strong>(DioJLOass.</strong></span> <span class='ocrx_word' id='word_1_261' title='bbox 518 3625 537 3686; x_wconf 95' lang='lat' dir='ltr'><strong>l.</strong></span> <span class='ocrx_word' id='word_1_262' title='bbox 559 3623 613 3711; x_wconf 89' lang='lat' dir='ltr'><strong>l.)‚</strong></span> <span class='ocrx_word' id='word_1_263' title='bbox 635 3623 741 3707; x_wconf 89' lang='lat' dir='ltr'><strong>quibus</strong></span> <span class='ocrx_word' id='word_1_264' title='bbox 762 3625 1035 3687; x_wconf 88' lang='lat' dir='ltr'><strong>adnumerabantur</strong></span> <span class='ocrx_word' id='word_1_265' title='bbox 1056 3627 1200 3688; x_wconf 89' lang='lat' dir='ltr'><strong>senatorii</strong></span> <span class='ocrx_word' id='word_1_266' title='bbox 1221 3644 1336 3708; x_wconf 90' lang='lat' dir='ltr'><strong>qnoque</strong></span> <span class='ocrx_word' id='word_1_267' title='bbox 1354 3625 1465 3688; x_wconf 88' lang='lat' dir='ltr'><strong>ordinis</strong></span> <span class='ocrx_word' id='word_1_268' title='bbox 1481 3626 1555 3688; x_wconf 88' lang='lat' dir='ltr'><strong>ado-</strong></span> 
     </span>
     <span class='ocr_line' id='line_1_30' title="bbox 312 3724 1554 3808; baseline -0.004 -15"><span class='ocrx_word' id='word_1_269' title='bbox 312 3730 463 3794; x_wconf 85' lang='lat' dir='ltr'><strong>lescentes</strong></span> <span class='ocrx_word' id='word_1_270' title='bbox 495 3725 699 3808; x_wconf 83' lang='lat' dir='ltr'><strong>septendecim</strong></span> <span class='ocrx_word' id='word_1_271' title='bbox 731 3724 818 3788; x_wconf 89' lang='lat' dir='ltr'><strong>annis</strong></span> <span class='ocrx_word' id='word_1_272' title='bbox 840 3725 982 3798; x_wconf 84' lang='lat' dir='ltr'><strong>maiores,</strong></span> <span class='ocrx_word' id='word_1_273' title='bbox 1013 3733 1157 3790; x_wconf 86' lang='lat' dir='ltr'><strong>ntetex</strong></span> <span class='ocrx_word' id='word_1_274' title='bbox 1179 3727 1320 3790; x_wconf 86' lang='lat' dir='ltr'><strong>hocloco</strong></span> <span class='ocrx_word' id='word_1_275' title='bbox 1343 3733 1432 3788; x_wconf 87' lang='lat' dir='ltr'><strong>etex</strong></span> <span class='ocrx_word' id='word_1_276' title='bbox 1454 3725 1554 3790; x_wconf 86' lang='lat' dir='ltr'><strong>multis</strong></span> 
     </span>
     <span class='ocr_line' id='line_1_31' title="bbox 313 3823 1554 3914; baseline -0.007 -18"><span class='ocrx_word' id='word_1_277' title='bbox 313 3828 410 3896; x_wconf 84' lang='lat' dir='ltr'><strong>titulis</strong></span> <span class='ocrx_word' id='word_1_278' title='bbox 431 3835 560 3910; x_wconf 89' lang='lat' dir='ltr'><strong>apparet</strong></span> <span class='ocrx_word' id='word_1_279' title='bbox 580 3825 642 3913; x_wconf 85' lang='lat' dir='ltr'><strong>(cfr</strong></span> <span class='ocrx_word' id='word_1_280' title='bbox 662 3827 782 3907; x_wconf 88' lang='lat' dir='ltr'><strong>Zumpt.</strong></span> <span class='ocrx_word' id='word_1_281' title='bbox 805 3826 918 3890; x_wconf 83' lang='lat' dir='ltr'><strong>Comm.</strong></span> <span class='ocrx_word' id='word_1_282' title='bbox 941 3825 1111 3908; x_wconf 86' lang='lat' dir='ltr'><strong>Epigraph.</strong></span> <span class='ocrx_word' id='word_1_283' title='bbox 1127 3829 1159 3890; x_wconf 93' lang='grc' dir='ltr'>Π</span> <span class='ocrx_word' id='word_1_284' title='bbox 1173 3849 1203 3910; x_wconf 88' lang='lat' dir='ltr'><strong>p.</strong></span> <span class='ocrx_word' id='word_1_285' title='bbox 1218 3823 1263 3914; x_wconf 78' lang='lat'><strong>7),</strong></span> <span class='ocrx_word' id='word_1_286' title='bbox 1286 3826 1423 3909; x_wconf 88' lang='lat' dir='ltr'><strong>quamuis</strong></span> <span class='ocrx_word' id='word_1_287' title='bbox 1442 3828 1554 3890; x_wconf 88' lang='lat' dir='ltr'><strong>honore</strong></span> 
     </span>
     <span class='ocr_line' id='line_1_32' title="bbox 314 3926 1553 4012; baseline -0.005 -16"><span class='ocrx_word' id='word_1_288' title='bbox 314 3939 429 3998; x_wconf 85' lang='lat' dir='ltr'><strong>ceteros</strong></span> <span class='ocrx_word' id='word_1_289' title='bbox 450 3929 565 4012; x_wconf 90' lang='lat' dir='ltr'><strong>equites</strong></span> <span class='ocrx_word' id='word_1_290' title='bbox 587 3928 680 3992; x_wconf 88' lang='lat' dir='ltr'><strong>multo</strong></span> <span class='ocrx_word' id='word_1_291' title='bbox 702 3927 853 3990; x_wconf 88' lang='lat' dir='ltr'><strong>anteirent</strong></span> <span class='ocrx_word' id='word_1_292' title='bbox 874 3927 934 4011; x_wconf 87' lang='lat' dir='ltr'><strong>(cfr</strong></span> <span class='ocrx_word' id='word_1_293' title='bbox 954 3929 1051 4010; x_wconf 85' lang='lat' dir='ltr'><strong>Lang.</strong></span> <span class='ocrx_word' id='word_1_294' title='bbox 1074 3929 1112 3992; x_wconf 90' lang='lat' dir='ltr'><strong>R.</strong></span> <span class='ocrx_word' id='word_1_295' title='bbox 1134 3929 1174 3992; x_wconf 84' lang='lat' dir='ltr'><strong>A.</strong></span> <span class='ocrx_word' id='word_1_296' title='bbox 1198 3929 1231 3992; x_wconf 94' lang='lat' dir='ltr'><strong>II</strong></span> <span class='ocrx_word' id='word_1_297' title='bbox 1250 3949 1279 4008; x_wconf 91' lang='lat' dir='ltr'><strong>p.</strong></span> <span class='ocrx_word' id='word_1_298' title='bbox 1302 3927 1362 3990; x_wconf 81' lang='lat'><strong>332</strong></span> <span class='ocrx_word' id='word_1_299' title='bbox 1377 3926 1448 4012; x_wconf 81' lang='lat' dir='ltr'><strong>sq).</strong></span> <span class='ocrx_word' id='word_1_300' title='bbox 1479 3927 1553 3990; x_wconf 89' lang='lat' dir='ltr'><strong>inito</strong></span> 
     </span>
     <span class='ocr_line' id='line_1_33' title="bbox 313 4029 1554 4118; baseline -0.006 -20"><span class='ocrx_word' id='word_1_301' title='bbox 313 4031 533 4100; x_wconf 88' lang='lat' dir='ltr'><strong>dudenicesimo</strong></span> <span class='ocrx_word' id='word_1_302' title='bbox 555 4049 635 4092; x_wconf 90' lang='lat' dir='ltr'><strong>anno</strong></span> <span class='ocrx_word' id='word_1_303' title='bbox 656 4029 713 4092; x_wconf 90' lang='lat' dir='ltr'><strong>hoc</strong></span> <span class='ocrx_word' id='word_1_304' title='bbox 734 4047 839 4091; x_wconf 86' lang='lat' dir='ltr'><strong>munus</strong></span> <span class='ocrx_word' id='word_1_305' title='bbox 860 4047 962 4109; x_wconf 84' lang='lat' dir='ltr'><strong>gerere</strong></span> <span class='ocrx_word' id='word_1_306' title='bbox 983 4037 1144 4112; x_wconf 88' lang='lat' dir='ltr'><strong>potnerunt</strong></span> <span class='ocrx_word' id='word_1_307' title='bbox 1171 4030 1234 4118; x_wconf 87' lang='lat' dir='ltr'><strong>(clr</strong></span> <span class='ocrx_word' id='word_1_308' title='bbox 1253 4029 1399 4110; x_wconf 89' lang='lat' dir='ltr'><strong>Borghesi</strong></span> <span class='ocrx_word' id='word_1_309' title='bbox 1420 4029 1554 4093; x_wconf 85' lang='lat' dir='ltr'><strong>Oenvres</strong></span> 
     </span>
     <span class='ocr_line' id='line_1_34' title="bbox 313 4128 1554 4218; baseline -0.005 -21"><span class='ocrx_word' id='word_1_310' title='bbox 313 4136 416 4218; x_wconf 83' lang='lat' dir='ltr'><strong>Epigr.</strong></span> <span class='ocrx_word' id='word_1_311' title='bbox 437 4133 469 4196; x_wconf 88' lang='lat'><strong>11</strong></span> <span class='ocrx_word' id='word_1_312' title='bbox 489 4153 519 4214; x_wconf 89' lang='lat' dir='ltr'><strong>p.</strong></span> <span class='ocrx_word' id='word_1_313' title='bbox 543 4131 601 4194; x_wconf 90' lang='grc'><strong>109</strong></span> <span class='ocrx_word' id='word_1_314' title='bbox 623 4139 654 4194; x_wconf 89' lang='lat' dir='ltr'><strong>et</strong></span> <span class='ocrx_word' id='word_1_315' title='bbox 674 4128 794 4205; x_wconf 83' lang='lat' dir='ltr'><strong>titulos,</strong></span> <span class='ocrx_word' id='word_1_316' title='bbox 815 4149 890 4212; x_wconf 92' lang='lat' dir='ltr'><strong>quos</strong></span> <span class='ocrx_word' id='word_1_317' title='bbox 912 4130 954 4192; x_wconf 92' lang='lat' dir='ltr'><strong>ibi</strong></span> <span class='ocrx_word' id='word_1_318' title='bbox 975 4129 1108 4216; x_wconf 81' lang='lat' dir='ltr'><strong>laudat).</strong></span> <span class='ocrx_word' id='word_1_319' title='bbox 1149 4131 1297 4213; x_wconf 85' lang='lat' dir='ltr'><strong>permissa</strong></span> <span class='ocrx_word' id='word_1_320' title='bbox 1323 4139 1422 4194; x_wconf 89' lang='lat' dir='ltr'><strong>autem</strong></span> <span class='ocrx_word' id='word_1_321' title='bbox 1444 4131 1481 4192; x_wconf 89' lang='lat' dir='ltr'><strong>iis</strong></span> <span class='ocrx_word' id='word_1_322' title='bbox 1504 4130 1554 4213; x_wconf 92' lang='lat' dir='ltr'><strong>qui</strong></span> 
     </span>
     <span class='ocr_line' id='line_1_35' title="bbox 313 4231 1554 4319; baseline -0.007 -16"><span class='ocrx_word' id='word_1_323' title='bbox 313 4235 519 4319; x_wconf 89' lang='lat' dir='ltr'><strong>uigintiuiratn</strong></span> <span class='ocrx_word' id='word_1_324' title='bbox 549 4231 644 4296; x_wconf 85' lang='lat' dir='ltr'><strong>iuncti</strong></span> <span class='ocrx_word' id='word_1_325' title='bbox 676 4238 774 4305; x_wconf 89' lang='lat' dir='ltr'><strong>erant,</strong></span> <span class='ocrx_word' id='word_1_326' title='bbox 806 4231 887 4312; x_wconf 90' lang='lat' dir='ltr'><strong>optio</strong></span> <span class='ocrx_word' id='word_1_327' title='bbox 909 4241 992 4308; x_wconf 87' lang='lat' dir='ltr'><strong>erat,</strong></span> <span class='ocrx_word' id='word_1_328' title='bbox 1018 4241 1117 4295; x_wconf 89' lang='lat' dir='ltr'><strong>utrum</strong></span> <span class='ocrx_word' id='word_1_329' title='bbox 1139 4234 1300 4296; x_wconf 88' lang='lat' dir='ltr'><strong>maioribus</strong></span> <span class='ocrx_word' id='word_1_330' title='bbox 1322 4251 1436 4314; x_wconf 88' lang='lat' dir='ltr'><strong>qnoque</strong></span> <span class='ocrx_word' id='word_1_331' title='bbox 1459 4233 1554 4294; x_wconf 90' lang='lat' dir='ltr'><strong>hono-</strong></span> 
     </span>
     <span class='ocr_line' id='line_1_36' title="bbox 314 4326 1553 4424; baseline -0.009 -20"><span class='ocrx_word' id='word_1_332' title='bbox 314 4339 397 4404; x_wconf 89' lang='lat' dir='ltr'><strong>ribus</strong></span> <span class='ocrx_word' id='word_1_333' title='bbox 417 4336 555 4419; x_wconf 90' lang='lat' dir='ltr'><strong>gerendis</strong></span> <span class='ocrx_word' id='word_1_334' title='bbox 575 4334 608 4398; x_wconf 90' lang='lat' dir='ltr'><strong>in</strong></span> <span class='ocrx_word' id='word_1_335' title='bbox 628 4326 877 4424; x_wconf 33' lang='lat' dir='ltr'><strong>senatumssallegi</strong></span> <span class='ocrx_word' id='word_1_336' title='bbox 898 4333 1025 4408; x_wconf 85' lang='lat' dir='ltr'><strong>uellent,</strong></span> <span class='ocrx_word' id='word_1_337' title='bbox 1046 4354 1085 4395; x_wconf 88' lang='lat' dir='ltr'><strong>an</strong></span> <span class='ocrx_word' id='word_1_338' title='bbox 1105 4333 1134 4396; x_wconf 93' lang='lat' dir='ltr'><strong>in</strong></span> <span class='ocrx_word' id='word_1_339' title='bbox 1164 4335 1257 4398; x_wconf 89' lang='lat' dir='ltr'><strong>uitam</strong></span> <span class='ocrx_word' id='word_1_340' title='bbox 1285 4333 1434 4415; x_wconf 89' lang='lat' dir='ltr'><strong>priuatam</strong></span> <span class='ocrx_word' id='word_1_341' title='bbox 1457 4332 1553 4394; x_wconf 88' lang='lat' dir='ltr'><strong>redire</strong></span> 
     </span>
     <span class='ocr_line' id='line_1_37' title="bbox 314 4435 608 4528; baseline -0.014 -24"><span class='ocrx_word' id='word_1_342' title='bbox 314 4438 390 4528; x_wconf 90' lang='lat' dir='ltr'><strong>(Dio</strong></span> <span class='ocrx_word' id='word_1_343' title='bbox 411 4438 497 4502; x_wconf 82' lang='lat' dir='ltr'><strong>(lass.</strong></span> <span class='ocrx_word' id='word_1_344' title='bbox 519 4437 539 4498; x_wconf 97' lang='lat' dir='ltr'><strong>l.</strong></span> <span class='ocrx_word' id='word_1_345' title='bbox 561 4435 608 4523; x_wconf 81' lang='lat' dir='ltr'><strong>l).</strong></span> 
     </span>
    </p>

    <p class='ocr_par' dir='ltr' id='par_1_6' title="bbox 315 4532 1554 4830">
     <span class='ocr_line' id='line_1_38' title="bbox 397 4532 1554 4620; baseline -0.005 -20"><span class='ocrx_word' id='word_1_346' title='bbox 397 4539 475 4620; x_wconf 90' lang='lat' dir='ltr'><strong>quod</strong></span> <span class='ocrx_word' id='word_1_347' title='bbox 508 4536 581 4600; x_wconf 89' lang='lat' dir='ltr'><strong>dicit</strong></span> <span class='ocrx_word' id='word_1_348' title='bbox 612 4534 815 4615; x_wconf 86' lang='lat' dir='ltr'><strong>Gregorouius</strong></span> <span class='ocrx_word' id='word_1_349' title='bbox 836 4555 874 4596; x_wconf 85' lang='lat' dir='ltr'><strong>ex</strong></span> <span class='ocrx_word' id='word_1_350' title='bbox 895 4535 1070 4600; x_wconf 85' lang='lat' dir='ltr'><strong>decemuiris</strong></span> <span class='ocrx_word' id='word_1_351' title='bbox 1091 4536 1218 4618; x_wconf 89' lang='lat' dir='ltr'><strong>quinqua</strong></span> <span class='ocrx_word' id='word_1_352' title='bbox 1239 4543 1404 4608; x_wconf 88' lang='lat' dir='ltr'><strong>senatores,</strong></span> <span class='ocrx_word' id='word_1_353' title='bbox 1426 4532 1554 4613; x_wconf 89' lang='lat' dir='ltr'><strong>quinque</strong></span> 
     </span>
     <span class='ocr_line' id='line_1_39' title="bbox 315 4631 1554 4726; baseline -0.008 -22"><span class='ocrx_word' id='word_1_354' title='bbox 315 4641 430 4726; x_wconf 85' lang='lat' dir='ltr'><strong>equites</strong></span> <span class='ocrx_word' id='word_1_355' title='bbox 461 4641 615 4706; x_wconf 85' lang='lat' dir='ltr'><strong>Romanos</strong></span> <span class='ocrx_word' id='word_1_356' title='bbox 647 4636 739 4700; x_wconf 86' lang='lat' dir='ltr'><strong>inisse</strong></span> <span class='ocrx_word' id='word_1_357' title='bbox 772 4636 871 4700; x_wconf 88' lang='lat' dir='ltr'><strong>nescio</strong></span> <span class='ocrx_word' id='word_1_358' title='bbox 898 4638 975 4700; x_wconf 89' lang='lat' dir='ltr'><strong>unde</strong></span> <span class='ocrx_word' id='word_1_359' title='bbox 1000 4637 1172 4718; x_wconf 82' lang='lat' dir='ltr'><strong>sumpserit.</strong></span> <span class='ocrx_word' id='word_1_360' title='bbox 1193 4673 1233 4684; x_wconf 91' lang='lat'><strong>·-</strong></span> <span class='ocrx_word' id='word_1_361' title='bbox 1254 4632 1390 4699; x_wconf 82' lang='lat' dir='ltr'><strong>tribanus</strong></span> <span class='ocrx_word' id='word_1_362' title='bbox 1417 4631 1554 4695; x_wconf 76' lang='lat' dir='ltr'><strong>secundm</strong></span> 
     </span>
     <span class='ocr_line' id='line_1_40' title="bbox 315 4731 1553 4830; baseline -0.013 -20"><span class='ocrx_word' id='word_1_363' title='bbox 315 4740 439 4830; x_wconf 71' lang='lat' dir='ltr'><strong>opionis</strong></span> <span class='ocrx_word' id='word_1_364' title='bbox 458 4738 625 4806; x_wconf 82' lang='lat' dir='ltr'><strong>adiutricis.</strong></span> <span class='ocrx_word' id='word_1_365' title='bbox 669 4737 745 4822; x_wconf 89' lang='lat' dir='ltr'><strong>legin</strong></span> <span class='ocrx_word' id='word_1_366' title='bbox 766 4739 799 4802; x_wconf 90' lang='lat'><strong>11</strong></span> <span class='ocrx_word' id='word_1_367' title='bbox 814 4737 957 4803; x_wconf 81' lang='lat' dir='ltr'><strong>Adiutrix</strong></span> <span class='ocrx_word' id='word_1_368' title='bbox 976 4739 1013 4800; x_wconf 94' lang='lat' dir='ltr'><strong>P.</strong></span> <span class='ocrx_word' id='word_1_369' title='bbox 1028 4739 1063 4801; x_wconf 84' lang='lat' dir='ltr'><strong>F.</strong></span> <span class='ocrx_word' id='word_1_370' title='bbox 1085 4735 1158 4824; x_wconf 87' lang='lat' dir='ltr'><strong>(Pia</strong></span> <span class='ocrx_word' id='word_1_371' title='bbox 1179 4732 1307 4821; x_wconf 81' lang='lat' dir='ltr'><strong>Fidelis)</strong></span> <span class='ocrx_word' id='word_1_372' title='bbox 1330 4731 1553 4815; x_wconf 85' lang='lat' dir='ltr'><strong>aVespesiano</strong></span> 
     </span>
    </p>
   </div>
   <div class='ocr_carea' id='block_1_4' title="bbox 0 0 1818 5552">
    <p class='ocr_par' dir='ltr' id='par_1_7' title="bbox 0 0 1818 5552">
     <span class='ocr_line' id='line_1_41' title="bbox 0 0 1818 5552; baseline 0 0"><span class='ocrx_word' id='word_1_373' title='bbox 0 0 1818 5552; x_wconf 95' lang='lat' dir='ltr'><strong> </strong></span> 
     </span>
    </p>
   </div>
  </div>
 </body>
</html>
