3602 5552
646 457 785 528 Spartiaui
807 457 864 512 vita
886 459 1027 516 Hadriani.
1465 465 1483 520 9

257 622 359 695 dibus
396 632 551 694 armatus
586 619 793 704 ambularet,
824 621 972 694 triclinia
998 623 1042 696 de
1067 621 1188 695 castris
1213 635 1250 695 et
1273 626 1426 721 porticus
1452 641 1488 702 et
1519 643 1526 701 ἓ

256 737 395 821 cryptas
421 735 457 793 et
482 720 577 819 topia
603 721 769 804 dirueret,
795 735 929 795 uestem
954 722 1187 795 humillimam
1213 725 1410 823 frequenter
1427 754 1485 801 ac·
1524 769 1528 786 ·

256 826 399 924 ciperet,
425 823 499 896 sinc
525 848 607 894 auro
634 823 787 895 balteum
813 837 974 908 sumeret,
1001 825 1075 897 siue
1092 826 1239 922 gemmis
1257 827 1364 900 fibula
1381 829 1522 903 strio-b

254 939 400 1024 geretur,
438 925 559 1020 capulo
586 923 646 996 uix
671 924 821 998 eburneo
848 925 1008 1023 spatham
1034 926 1225 1011 clauderet,
1253 953 1363 1026 aegros
1389 931 1523 1005 mili-o

222 1041 310 1108 stes
335 1028 372 1099 in
398 1026 557 1122 hospitiis
583 1025 655 1098 suis
682 1026 831 1109 uideret,
857 1027 973 1099 locum
998 1027 1118 1100 castris
1144 1043 1291 1128 caperet,
1317 1033 1404 1104 nulli
1430 1035 1484 1106 ui·
1511 1079 1519 1086 -

256 1142 329 1201 tem
365 1128 432 1202 nisi
467 1128 609 1200 robusto
646 1141 682 1200 et
718 1127 819 1200 bonae
856 1129 960 1202 famae
986 1131 1099 1213 daret,
1125 1155 1189 1203 nec
1213 1133 1393 1205 tribunum
1418 1136 1509 1208 nisi·

255 1230 357 1327 plena
387 1229 495 1322 barba
527 1230 657 1302 faceret
687 1242 748 1303 aut
773 1230 846 1304 eius
874 1231 986 1304 aetatis
1013 1255 1092 1329 quae
1117 1234 1301 1329 pmdentia
1326 1248 1361 1307 et
1386 1201 1516 1310 annis¹

254 1332 450 1405 tribunatus
475 1331 579 1403 robur
605 1331 775 1428 impleret,
802 1357 865 1405 nec
891 1345 1068 1430 pateretur
1094 1333 1279 1431 quicquam
1305 1336 1482 1411 tribunum
1499 1339 1538 1415 ll

255 1459 277 1504 a
312 1434 422 1506 milite
461 1432 629 1531 accipere,
656 1432 802 1506 delicata
828 1434 943 1506 omnia
969 1436 1122 1532 undique
1148 1451 1400 1520 summoueret,
1426 1465 1482 1512 ar·
1532 1424 1539 1484 ‘⁸

207 1562 241 1614 10
258 1559 315 1606 ma
340 1548 515 1631 postremo
541 1559 660 1606 eorum
686 1536 1005 1632 supellectilemque
1031 1536 1223 1633 corrigeret.
1263 1539 1306 1610 de
1332 1539 1519 1613 militum8

256 1637 361 1708 etiam
389 1636 550 1720 aetatibus
575 1635 758 1721 iudicabat,
783 1636 906 1735 nequis
931 1649 991 1708 aut
1016 1638 1128 1710 minor
1153 1663 1258 1735 quam
1284 1640 1394 1712 uirtus
1419 1667 1482 1738 po-

255 1750 367 1810 sceret
402 1750 464 1810 aut
495 1736 604 1809 maior
634 1763 739 1835 qnam
767 1751 943 1836 pateretur
969 1738 1165 1812 humanitas
1190 1739 1226 1812 iu
1253 1741 1372 1813 castris
1400 1768 1482 1816 con-

255 1852 309 1910 tra
336 1864 470 1911 morem
496 1851 650 1910 ueterem
675 1853 878 1922 uersaretur,
904 1839 1095 1937 agebatque
1113 1853 1154 1912 ut
1170 1840 1236 1913 sibi
1255 1867 1394 1940 semper
1410 1845 1484 1918 noti

256 1952 371 2012 essent
397 1953 576 2012 eteorum
600 1965 766 2014 numerus
792 1941 945 2014 sciretur.

208 2067 241 2122 15
357 2041 534 2113 laborabat
561 2055 730 2138 praterea
753 2055 793 2115 ut
818 2043 956 2115 condita
982 2041 1143 2114 militaria
1169 2043 1348 2140 diligenter
1373 2070 1479 2144 agno-
1492 2047 1527 2124 ll

257 2157 385 2224 sceret,
421 2143 552 2216 reditus
588 2168 727 2240 quoque
762 2143 989 2241 prouinciales
1023 2143 1178 2216 sollerter
1204 2144 1401 2242 explorans,
1427 2160 1480 2231 ut,

257 2243 286 2316 si
322 2244 448 2317 alicubi
484 2245 665 2342 quippiam
701 2247 868 2327 deessset,
895 2246 1058 2342 expleret.
1110 2258 1190 2318 aute
1216 2273 1337 2319 omnes
1361 2261 1479 2322 tamen

256 2346 459 2428 enitebatur,
485 2345 613 2444 nequid
638 2347 788 2420 otiosum
813 2347 870 2420 uel
892 2359 1023 2419 emeret
1040 2347 1224 2445 aliquando
1242 2348 1299 2420 uel
1316 2363 1481 2446 pasceret.

357 2474 436 2546 ergo
448 2449 622 2520 conuersis
633 2448 798 2546 regimine
812 2475 948 2521 morum
959 2449 1128 2522 militibus
1140 2447 1358 2548 Britanniam
1368 2452 1480 2548 petiit.
1496 2461 1519 2523 2

205 2581 239 2634 20
256 2549 292 2621 in
328 2574 398 2646 qua
429 2550 539 2622 multa
569 2549 717 2623 correxit
748 2575 956 2648 murumque
987 2576 1050 2647 per
1081 2550 1254 2648 octoginta
1279 2551 1374 2623 milia
1399 2577 1480 2648 pas-

254 2677 357 2722 suum
407 2651 515 2724 rimus
542 2651 641 2724 duxit
655 2652 716 2748 qui
727 2643 889 2724 barbaros
906 2649 1154 2748 Romanosque
1172 2652 1352 2723 diuideret.
1391 2651 1479 2749 Sep·
1496 2658 1516 2724 3

254 2752 334 2824 ticio
373 2678 474 2824 Elam
500 2753 665 2849 praefecto
690 2753 843 2850 praetorii
869 2765 904 2824 et
929 2749 1094 2824 Suetonio
1120 2751 1319 2847 Tranquillo
1350 2753 1481 2847 epistu-

255 2853 366 2926 larum
392 2854 555 2950 magistro
582 2854 768 2950 multisque
794 2854 880 2936 aliie,
906 2855 1008 2949 quod'
1024 2853 1118 2952 apud
1145 2851 1311 2924 Sabinam
1337 2879 1479 2925 uxorem

255 2954 387 3027 iniussu
413 2954 486 3026 eius
511 2952 712 3026 familiarius
737 2980 774 3026 se
800 2968 882 3026 tunc
907 2966 1047 3050 egerant
1072 2979 1177 3050 quam
1203 2954 1393 3027 reuerentia
1418 2956 1480 3029 do·

205 3083 238 3135 at
258 3079 335 3125 mus
367 3053 487 3127 aulicae
517 3054 729 3152 postulabat,
761 3079 973 3128 successores
1005 3055 1117 3139 dedit,
1142 3079 1284 3127 uxorem
1311 3055 1415 3127 etiam
1442 3068 1495 3129 ut‘

255 3179 428 3228 morosam
459 3169 494 3226 et
525 3180 692 3254 asperam
716 3154 938 3239 dimissuruS,
965 3168 1005 3227 ut
1030 3155 1104 3253 ipse
1129 3156 1281 3239 dicebat,
1308 3156 1338 3229 si
1362 3157 1499 3253 priua.

254 3270 311 3328 tus
342 3256 474 3330 luisset.
526 3269 562 3330 et
594 3269 667 3328 erat
693 3256 846 3330 curiosus
872 3283 941 3329 non
966 3257 1078 3330 solum
1105 3259 1228 3330 domus
1254 3283 1328 3330 suae
1354 3261 1415 3332 sed
1442 3271 1517 3335 e-4

255 3357 340 3430 tiam
371 3358 578 3450 amimmm,
613 3358 661 3431 ita
694 3371 733 3432 ut
763 3384 826 3457 per
851 3359 1092 3452 frumentarios
1118 3359 1250 3431 occulta
1275 3360 1392 3432 omnia
1417 3385 1478 3432 ex·
1576 3413 1593 3452 :-

255 3459 406 3557 ploraret
431 3486 495 3532 nec
521 3460 741 3533 aduerterent
766 3460 870 3534 amici
894 3459 973 3532 sciri
998 3460 1043 3533 ab
1067 3460 1274 3557 imperatore
1300 3486 1400 3532 suam
1425 3461 1479 3534 ui-

203 3589 238 3644 30
255 3574 338 3643 tam,
365 3561 568 3661 priusquam
604 3561 678 3660 ipse
715 3562 781 3635 hoc
819 3563 1006 3660 imperator
1037 3563 1243 3634 ostenderet.
1294 3563 1386 3634 unde
1412 3572 1516 3637 nont

254 3663 476 3735 iniocundum
503 3678 555 3736 est
579 3689 653 3735 rem
686 3663 836 3736 inserere
863 3689 1000 3761 exque
1026 3675 1160 3736 constet
1185 3688 1265 3734 eum
1292 3663 1335 3735 de
1361 3663 1480 3736 amicis

255 3764 364 3836 multa
391 3764 560 3837 didicisse.
611 3790 692 3836 narn
719 3789 798 3837 cum
823 3766 867 3837 ad
892 3766 1067 3862 quendam
1093 3764 1286 3863 scripsisset
1311 3790 1398 3838 amor
1419 3773 1516 3838 sua6

254 3867 349 3964 quod
374 3866 609 3964 uoluptatibus
634 3867 795 3938 detentus
822 3880 857 3936 et
881 3865 1026 3939 lauacris
1051 3866 1097 3937 ad
1121 3890 1159 3938 se
1176 3866 1289 3938 redire
1302 3867 1408 3939 nollet
1426 3878 1480 3937 at·

256 3993 323 4066 quc
348 3967 415 4040 hoc
440 3965 640 4039 Hadrianus
665 3991 728 4062 per
752 3966 995 4040 frumentarios
1021 3967 1246 4062 cognouisset
1264 3979 1402 4065 petente
1420 3965 1479 4038 illo

205 4095 240 4150 aa
256 4079 491 4141 commeatum
522 4065 722 4140 Hadrianus
751 4067 784 4140 ei
809 4067 944 4140 lauacra
970 4081 1005 4140 et
1026 4068 1222 4166 uoluptates
1248 4065 1478 4165 exprobrauit.

256 4172 312 4242 cui
347 4170 406 4243 ille
442 4167 536 4240 'num
575 4181 610 4242 et
634 4169 699 4241 tibi
725 4195 810 4242 uxor
834 4194 913 4241 mea
937 4169 1032 4266 quod
1057 4182 1092 4242 et
1117 4170 1205 4242 mihi
1230 4166 1392 4266 scripsitl’
1443 4171 1516 4242 et7

257 4271 323 4344 hoc
348 4270 491 4369 quidem
515 4269 777 4344 uitiosissimum
802 4282 926 4370 putant
950 4283 1053 4368 atque
1079 4269 1160 4343 huic
1185 4270 1375 4366 adiungunt
1399 4293 1478 4366 quae

256 4372 300 4445 de
327 4373 525 4446 adultorum
556 4397 672 4445 amore
697 4399 736 4446 ac
762 4385 948 4470 nuptarum
972 4371 1150 4445 adulteriis
1175 4369 1301 4466 quibus
1327 4367 1477 4444 Hadria-

256 4499 322 4547 nus
347 4475 519 4547 laborasse
545 4472 669 4547 dicitur
693 4477 865 4557 adserunt,
891 4473 1070 4572 iungentes
1088 4471 1181 4568 quod
1198 4496 1241 4543 ue
1258 4470 1378 4544 amicis
1397 4473 1475 4570 qui·-

207 4603 242 4662 40
259 4575 340 4649 dem
365 4574 554 4651 seruauerit
575 4574 692 4650 fidem.
777 4653 780 4660 ,
1373 4681 1394 4744 2
