3602 5552
668 535 806 606 Sparliuui
827 536 885 592 rita
906 531 1045 590 HadrIani.
1439 529 1480 590 59

232 705 408 790 appellatus
441 708 614 789 imperator
645 711 695 770 est
726 707 828 769 laetus
861 703 981 790 (Capit.
1004 706 1122 771 Anton.
1150 709 1186 770 P.
1213 726 1239 770 0.
1260 704 1307 791 2).
1351 715 1419 772 eret
1446 715 1483 774 ut

232 816 281 871 est
302 808 494 872 uerisimile
516 809 568 871 bie
588 807 725 872 catilius
747 826 882 887 proauus
904 815 1063 872 maternus
1085 808 1195 873 Catilii
1221 808 1271 871 uel
1285 807 1386 871 Annii
1402 809 1480 873 Veri

233 911 286 990 qui
318 917 431 991 postea
464 911 503 972 ab
537 909 697 973 Antonino
730 908 901 990 adoptatus
934 916 983 970 est
1010 918 1042 972 et
1062 911 1122 974 boo
1143 915 1267 972 mortuo
1290 929 1358 972 eum
1381 910 1480 974 altero

232 1030 323 1092 quern
355 1008 534 1074 Antoninus
561 1011 637 1074 Pius
663 1009 763 1072 filium
790 1010 1002 1090 adoptaneret
1029 1010 1201 1091 imperator
1234 1011 1389 1073 salutatus
1423 1019 1481 1074 est.

231 1130 320 1173 sooer
345 1111 428 1174 enim
457 1112 509 1173 bio
536 1111 597 1174 suit
623 1109 754 1174 Caluisii
783 1111 864 1172 Tulli
892 1111 941 1174 bis
963 1111 1117 1186 consulis,
1145 1111 1231 1174 euius
1253 1111 1320 1174 filia
1340 1110 1482 1175 Domitia

231 1212 367 1276 Caluilla
399 1210 450 1274 vel
481 1212 603 1275 Luoilla
630 1208 703 1295 (olr.
726 1210 831 1291 Capit.
853 1213 897 1273 M.
919 1212 995 1273 Ant.
1017 1209 1052 1294 6)
1079 1220 1179 1293 nupta
1206 1219 1275 1274 erat
1294 1213 1380 1294 patri
1401 1212 1481 1295 Imp.

230 1313 330 1374 Marti
352 1310 458 1376 Annio
481 1313 574 1376 Vero.
597 1310 757 1397 (1.1.0.1,
778 1313 831 1374 ubi
854 1312 869 1394 d
890 1310 910 1374 9
932 1331 1000 1375 oum
1022 1312 1178 1376 Salmasio
1193 1312 1251 1375 001
1265 1313 1481 1394 corrigendum

231 1420 280 1475 est
300 1433 357 1495 pro
380 1433 417 1476 eo
440 1414 522 1496 qnod
544 1414 667 1476 oodioes
688 1413 807 1475 babent
827 1411 905 1497 001).
947 1415 1112 1493 praelautus
1136 1413 1204 1476 urbi
1225 1413 1278 1476 hio
1292 1413 1351 1478 fnit
1366 1411 1481 1499 (Hadr.

230 1514 271 1576 24
292 1516 347 1577 011.
381 1533 407 1577 0.
442 1512 496 1599 15)
536 1521 569 1577 et
595 1533 806 1577 subsessorem
838 1513 975 1595 aceepit,
1008 1515 1082 1595 quia
1117 1513 1313 1578 Antoninum
1348 1515 1481 1596 adopta·

230 1622 296 1677 tum
329 1634 396 1678 esse
419 1614 556 1678 dolebat.
598 1616 682 1678 huno
706 1634 780 1679 uero
802 1633 831 1677 a.
853 1634 885 1695 p,
907 1614 964 1678 Oh.
989 1610 1047 1679 117
1070 1615 1204 1696 legatum
1226 1635 1273 1697 pr.
1295 1635 1342 1696 pr.
1365 1614 1481 1698 Syrie,

231 1732 298 1797 quae
330 1716 468 1778 nondum
491 1715 592 1779 diuisa
614 1722 683 1778 erat
708 1713 779 1800 (alr.
801 1717 976 1778 Excursum
997 1716 1029 1799 Ι)
1060 1716 1246 1797 preposuit,
1285 1735 1321 1780 eo
1344 1717 1480 1781 maxime

232 1817 398 1880 ostendens
426 1817 535 1899 quanti
564 1836 633 1879 eum
661 1819 794 1890 faceret,
822 1835 914 1898 quum
938 1817 1067 1881 eandem
1089 1817 1285 1898 prouinciam
1309 1835 1400 1898 qnam
1421 1836 1481 1898 pe-

230 1916 294 1980 ullo
326 1923 400 1980 ante
432 1919 501 2000 ipse
533 1916 668 1982 rexisset
700 1918 728 1980 ei
755 1918 903 1981 traderet.
934 1953 975 1964 -
1007 1916 1141 1981 Romam
1164 1918 1256 1982 uenit.
1304 1919 1482 2000 fragmenta

230 2037 313 2080 noua
345 2025 486 2083 uotorum
520 2021 651 2082 fratrum
684 2019 836 2082 aruelium
869 2015 956 2102 (uide
983 2016 1097 2104 snpra)
1126 2020 1164 2082 de
1191 2019 1310 2082 duobus
1341 2019 1424 2082 uotis
1445 2017 1481 2083 ob

230 2117 390 2182 adamatam
422 2120 578 2184 Hadriani
612 2120 797 2183 mentionem
831 2119 965 2194 faciunt,
998 2120 1080 2201 quod
1101 2118 1149 2183 ita
1177 2120 1395 2202 explicandum
1417 2127 1482 2196 est,

230 2227 264 2282 nt
286 2227 413 2284 stante
435 2223 603 2286 aduentum
627 2229 659 2284 et
680 2221 713 2284 in
736 2221 871 2285 aduentu
893 2226 970 2283 note
991 2231 1048 2302 pro
1070 2221 1124 2285 illo
1146 2230 1291 2304 suscepta
1311 2221 1387 2285 siut.

774 2513 861 2615 Gap.
883 2512 946 2594 111.

318 2727 384 2809 51.
427 2726 536 2788 raerait
567 2727 623 2788 efr.
645 2743 741 2806 supra
773 2745 798 2788 0.
819 2725 841 2788 4
866 2727 881 2809 §
904 2727 952 2788 10.
1006 2732 1089 2788 reete
1122 2724 1245 2788 monuit
1276 2727 1482 2791 Oeeaubonns

231 2847 298 2908 quae
324 2827 376 2888 hio
402 2835 570 2889 narrentur
598 2845 660 2888 uon
689 2845 744 2889 suo
773 2825 843 2889 looo
869 2827 975 2907 posita
996 2843 1073 2888 ense.
1114 2825 1201 2906 prins
1223 2825 1305 2888 enim
1331 2827 1390 2889 hoo
1415 2829 1483 2890 iao·

233 2938 314 3001 tum,
337 2946 428 3008 quam
450 2927 490 2989 ed
512 2927 574 2989 iter
596 2946 630 2990 se
652 2926 843 3006 adtingeret.
887 2926 1069 2989 Hadrianus
1097 2927 1178 2989 enim
1204 2926 1338 2989 Romen]
1363 2934 1398 2990 ut
1421 2929 1485 2992 iam

236 3027 372 3090 diximus
393 3045 455 3089 non
477 3035 548 3089 ante
570 3046 683 3089 anuum
704 3046 735 3107 p.
757 3027 813 3090 Ob.
838 3027 897 3092 118
919 3027 1016 3090 uenit.
1039 3027 1153 3090 etenim
1176 3034 1305 3091 uooatur
1327 3029 1482 3094 Traianus

236 3128 268 3192 in
289 3128 388 3190 numis
410 3127 484 3190 enni
509 3123 566 3189 117
588 3127 679 3190 diam
700 3125 838 3212 (Eokbel
859 3130 907 3191 Vl
922 3147 952 3209 p.
963 3122 1053 3210 477),
1075 3128 1155 3190 unde
1179 3136 1313 3210 apparet
1333 3128 1397 3193 iam
1414 3137 1482 3195 tum

235 3249 304 3292 eum
339 3235 552 3292 consecratum
584 3226 690 3290 fuisse.
739 3227 895 3291 aduentus
923 3236 1027 3292 autern
1049 3228 1207 3292 Hadriani
1228 3229 1362 3294 Romam
1383 3231 1484 3314 signi-

231 3332 343 3394 ficatur
359 3349 466 3404 numo,
488 3328 541 3392 ubi
560 3327 741 3392 inscribitur
762 3329 852 3394 OOS.
867 3331 900 3392 11
922 3329 1483 3418 (11011101.1111101100010230).

313 3432 380 3514 53.
422 3429 609 3515 triumphum
629 3430 657 3493 ei
677 3439 796 3492 sanatus
818 3467 858 3482 -ε
872 3467 913 3477 -
934 3429 1093 3495 detulisset.
1136 3432 1196 3495 boo
1217 3451 1322 3496 uerum
1344 3454 1412 3497 esse
1427 3436 1484 3498 de-

233 3539 411 3619 monstrant
438 3532 533 3594 etiam
559 3551 643 3595 nona
669 3531 727 3594 illa
747 3532 786 3594 fr.
808 3551 873 3596 aru.
896 3539 1040 3596 aetorum
1061 3533 1249 3614 fragmenta,
1278 3552 1408 3615 quorum
1430 3555 1483 3600 su-

107 3648 109 3657 ’
233 3654 291 3716 pra
313 3633 502 3700 mentionem
524 3632 674 3708 sosimus,
696 3652 789 3715 quum
811 3634 895 3697 inter
916 3632 997 3696 alios
1020 3635 1095 3697 deos
1122 3633 1232 3715 quibus
1255 3653 1345 3697 saera
1366 3634 1402 3697 ob
1425 3635 1484 3699 ad-

233 3744 355 3799 uentum
375 3733 533 3798 Hadriani
561 3735 647 3797 faeta
673 3741 748 3797 sunt
774 3735 901 3799 nomina
924 3754 1046 3817 quoque
1067 3734 1182 3796 Martis
1205 3734 1329 3798 Vltoris
1351 3741 1383 3798 et
1405 3735 1483 3800 Vio-

233 3837 322 3900 toriae
355 3835 536 3898 exhibeant.
563 3869 601 3880 —
628 3836 794 3918 imayiaam
822 3835 951 3898 Traiani
976 3856 1069 3897 00000
1096 3833 1275 3918 triumphali
1304 3835 1394 3899 uenit.
1428 3839 1482 3902 cfr.

234 3937 317 4000 Viot.
339 3937 398 4016 Ep.
421 3937 513 4000 XIII.
535 3934 623 3998 buius
644 3936 741 3997 euasti
764 3936 899 4018 corporis
920 3935 1032 3998 0100000
1052 3932 1140 3998 relati
1160 3933 1293 3999 Roaiam
1312 3935 1484 4022 bamotiqaa

233 4036 287 4100 aab
308 4037 372 4100 eiua
397 4034 533 4098 columna
561 4045 588 4098 et
611 4034 714 4119 100090
734 4036 939 4118 superposita,
965 4034 1053 4098 eioate'
1073 4035 1290 4120 triumphantes
1315 4035 1422 4114 soleat,
1450 4037 1484 4100 ia

232 4136 334 4201 arbem
354 4137 485 4210 1000010,
507 4144 610 4198 senata
627 4144 779 4218 praeeunte
800 4144 826 4199 01
847 4135 985 4199 esame.
1018 4136 1056 4199 ob
1078 4155 1208 4218 eamque
1230 4156 1295 4199 rem
1317 4138 1401 4200 numi
1424 4139 1484 4202 hu-

233 4240 282 4302 ius
305 4237 378 4301 anui
399 4237 610 4310 inueniuntur,
632 4235 740 4316 quibus
763 4235 947 4318 inscriptum
969 4247 1017 4300 est
1037 4236 1195 4302 PIETAS
1206 4237 1327 4301 Eolrhel
1341 4239 1362 4302 l.
1374 4238 1395 4302 1.
1410 4233 1482 4303 4⁷6.

315 4340 381 4423 14.
418 4336 520 4420 potede
542 4336 655 4422 patriae
679 4357 786 4400 reomao
812 4335 943 4400 delatam
968 4339 1027 4402 eibi
1048 4374 1086 4386 -
1109 4336 1225 4400 distulit
1250 4357 1274 4401 e.
1296 4359 1325 4422 q.
1347 4361 1370 4404 a.
1397 4341 1483 4404 1000-

233 4449 307 4504 runt
331 4441 397 4504 haee
418 4439 516 4502 uerba
537 4437 638 4502 doctis
660 4437 739 4501 uiris
761 4439 934 4502 maximum
956 4440 1113 4522 negotium
1135 4445 1167 4500 et
1188 4445 1261 4501 sunt
1283 4439 1321 4503 de
1342 4439 1383 4504 iis
1405 4449 1481 4524 quot

234 4548 490 4606 commentatores
522 4547 571 4604 tot
602 4539 773 4604 senteutIae.
816 4539 1020 4605 casaubonus
1049 4537 1245 4621 Onuphrium
1265 4550 1388 4606 seoutus
1411 4563 1480 4606 mo·

233 4663 299 4706 ram
320 4643 402 4706 bane
423 4642 510 4705 ouius
533 4641 721 4704 mentionem
743 4641 821 4704 fauit
842 4641 1029 4722 Spartianus
1051 4638 1223 4715 minimam,
1244 4661 1282 4704 ue
1304 4643 1390 4708 dieat
1410 4647 1479 4710 nul-

234 4744 297 4807 lam
330 4744 423 4808 luisse
456 4742 612 4808 oonoludit
639 4762 679 4805 ex
704 4742 808 4806 numis
835 4743 868 4806 in
895 4743 1005 4824 quibus
1030 4739 1214 4806 Hadrianus
1240 4749 1272 4807 et
1303 4765 1365 4810 eos.
1391 4747 1425 4811 11
1446 4755 1479 4810 et
