3602 5552
475 1103 739 1244 lporliani
785 1101 893 1206 lita
938 1100 1185 1207 hadriani.

607 1373 837 1456 lonnenlario
863 1373 1051 1456 illustrauit

678 1575 773 1648 lulius
794 1575 984 1648 curarunt

698 1717 855 1832 bispntatio
871 1759 959 1818 Prior.

207 2025 364 2145 Memini
395 2098 442 2140 me
474 2079 622 2162 quondam
654 2078 752 2160 legere
784 2099 803 2141 a
834 2095 949 2140 summo
981 2077 1109 2159 quodam
1141 2077 1206 2140 uiro
1239 2078 1351 2140 dictum
1382 2096 1449 2140 esse

207 2179 314 2242 debere
347 2198 463 2242 omnem
495 2180 699 2262 praefationem
726 2180 755 2242 id
778 2188 848 2242 ante
870 2177 969 2242 omnia
990 2177 1159 2254 continere,
1181 2186 1215 2241 ut
1235 2179 1353 2241 dicatur
1375 2197 1448 2261 qna-

206 2281 293 2343 modo
325 2289 407 2344 ortos
439 2280 479 2344 sit
510 2283 592 2345 liber.
635 2301 701 2364 quae
728 2280 879 2343 sententia
905 2298 996 2361 quum
1017 2279 1090 2341 mihi
1110 2298 1184 2343 uera
1205 2299 1271 2342 esse
1293 2279 1448 2354 uideatur,

207 2381 309 2460 paucis
341 2385 594 2458 commemorabo,
631 2402 722 2466 quare
755 2380 957 2444 adfluentibus
989 2380 1118 2462 nudique
1150 2381 1239 2444 rebus
1272 2381 1309 2444 do
1341 2381 1448 2462 quihus

206 2482 388 2564 disputarem
421 2485 498 2547 hanc
528 2485 677 2566 praecipue
711 2483 782 2546 mihi
814 2482 997 2565 seposuerim
1029 2489 1064 2543 ιιι
1090 2480 1235 2544 iuueniles
1256 2481 1287 2544 in
1309 2500 1347 2544 ea
1367 2482 1447 2543 uires

207 2602 386 2648 exercerem.

288 2706 378 2768 quum
410 2686 500 2767 igitur
530 2687 591 2749 iam
619 2686 671 2749 din
690 2686 721 2748 in
745 2704 780 2748 eo
801 2705 939 2748 nersmer
960 2692 994 2747 ut
1014 2682 1169 2746 historiam
1190 2681 1361 2764 Augustam
1383 2701 1448 2744 mo-

86 2838 88 2847 ,
207 2805 312 2868 rosque
343 2788 547 2851 Romanomm
579 2805 786 2868 cognoscerem
808 2787 910 2868 quales
934 2793 1036 2848 esseut
1056 2783 1226 2847 dominatus
1248 2782 1448 2862 temporibus,

206 2904 294 2967 quum
326 2887 489 2966 prasertim
521 2888 552 2949 in
580 2887 636 2948 hac
663 2886 851 2967 antiquitatis
872 2894 959 2966 parte
982 2885 1078 2948 multa
1098 2883 1231 2946 uiderem
1252 2902 1318 2946 essa
1339 2885 1447 2966 perob-

205 3003 295 3045 scura
315 2995 346 3046 et
368 2986 459 3064 digna
480 3005 544 3068 quae
565 3005 683 3048 summa
703 2985 858 3066 diligentia
879 2986 1117 3058 illustrarentur,
1148 3003 1226 3046 anno
1251 2984 1313 3046 lere
1336 2984 1446 3048 abhinc

207 3083 345 3162 contigit,
377 3092 411 3145 ut
436 3085 482 3147 uir
509 3085 581 3148 mihi
608 3085 815 3148 familiaritate
840 3085 1014 3148 coniunctus
1042 3085 1282 3149 dissertationem
1304 3085 1343 3147 ad
1363 3105 1446 3150 snm-

208 3200 271 3244 mos
292 3183 322 3246 in
342 3183 533 3267 philosophia
552 3185 679 3248 honores
701 3186 901 3267 capessendos
923 3187 959 3248 de
980 3187 1041 3248 uita
1068 3186 1217 3250 Hadriani
1245 3186 1445 3270 conscriptam

207 3282 338 3346 editurus
359 3295 441 3348 asset
461 3286 636 3368 publiceque
659 3288 841 3349 defensurus.
884 3287 1001 3368 rogauit
1021 3287 1111 3368 igitur
1132 3309 1151 3352 a
1173 3308 1233 3363 me,
1260 3297 1294 3352 ut
1314 3289 1345 3351 in
1367 3288 1445 3352 hanc

206 3393 315 3448 nostrae
346 3385 521 3450 Academia
555 3406 675 3450 aronam
704 3388 818 3452 amicus
839 3388 865 3450 ei
887 3388 1079 3452 aduersarius
1101 3390 1321 3453 descenderem.
1365 3389 1444 3471 quod

205 3503 294 3566 quum
314 3487 432 3566 petenti
453 3488 540 3552 facile
562 3488 792 3563 concessissem,
823 3508 943 3552 necesse
965 3489 1036 3551 mihi
1058 3489 1155 3553 uisum
1177 3499 1238 3563 est,
1269 3499 1303 3553 ιιι
1324 3497 1356 3552 ct
1377 3489 1444 3552 aliis

206 3593 237 3647 et
258 3586 330 3648 mihi
351 3589 573 3665 satisfacerem,
606 3591 704 3652 omnia
730 3591 883 3672 perlegere
904 3611 969 3672 quae
991 3591 1027 3652 de
1048 3589 1205 3653 Hadriano
1225 3590 1338 3670 scripta
1357 3590 1443 3652 iuno-

209 3686 269 3748 nire
291 3705 416 3765 possem.
458 3690 489 3752 in
511 3709 567 3772 quo
588 3690 645 3752 hoc
666 3691 739 3753 mihi
762 3691 891 3753 maxime
913 3691 1020 3753 mirum
1042 3689 1139 3753 uisum
1161 3697 1222 3763 est,
1244 3691 1321 3773 quod
1336 3689 1443 3752 summi

208 3786 264 3848 uiri
285 3786 489 3852 'lillomontius
509 3791 686 3854 Merinalius
708 3790 923 3872 Gregorouius,
956 3810 1030 3873 quos
1057 3790 1176 3852 honoris
1197 3810 1290 3852 causa
1310 3789 1442 3862 nomino,

207 3886 254 3948 ita
274 3906 354 3969 saepe
376 3898 561 3966 errauernnt,
582 3899 616 3954 nt
637 3911 691 3972 ego
712 3911 827 3975 quoquo
847 3891 1044 3976 perspicerem
1064 3892 1160 3953 multa
1180 3891 1219 3953 ab
1239 3891 1275 3953 iis
1288 3906 1441 3970 perperam

208 4007 273 4050 esse
293 3987 448 4050 intellecta
469 3991 619 4073 explicata
639 3992 730 4054 dicta.

290 4096 379 4170 atque
410 4091 553 4171 querenti
584 4091 656 4155 mihi
687 4093 759 4175 quid
790 4100 871 4156 esset
897 4113 949 4156 cur
974 4093 1005 4155 in
1032 4092 1090 4155 hac
1111 4111 1143 4154 re
1166 4090 1257 4154 etiam
1278 4085 1442 4150 doctissimi

208 4189 398 4253 historiarum
430 4191 591 4274 scriptores
623 4212 681 4256 non
713 4213 830 4276 semper
861 4213 963 4256 uemm
1000 4193 1161 4266 uidissent,
1198 4191 1263 4252 baec
1295 4186 1442 4270 praecipue

208 4309 300 4354 causa
325 4291 468 4367 occurrit,
500 4293 580 4375 quod
601 4313 687 4357 nemo
709 4293 812 4357 extitit
834 4295 883 4376 qui
905 4301 1042 4357 auctores
1064 4289 1210 4355 Historiae
1232 4289 1377 4370 Augusta
1397 4290 1443 4352 ita

207 4399 354 4454 tractaret
384 4400 418 4455 ιιι
448 4393 505 4456 hoc
536 4393 726 4476 antiquitatis
759 4395 891 4457 studium
922 4394 1064 4477 postulat.
1114 4388 1180 4470 quis
1213 4389 1290 4452 enim
1318 4398 1365 4452 est
1391 4391 1442 4473 qni

207 4492 324 4555 nesciat
344 4491 390 4555 his
410 4494 593 4575 temporibus
614 4503 758 4577 qnantum
779 4495 811 4558 in
832 4515 871 4557 ea
891 4494 1016 4557 scientia
1036 4490 1132 4553 titulis
1154 4498 1184 4552 et
1205 4491 1301 4554 numia
1313 4491 1443 4555 inuesti-

207 4593 313 4672 gandia
349 4593 443 4677 iisque
479 4615 545 4657 cnm
581 4596 777 4678 scriptoribus
815 4591 1024 4673 comparandis
1055 4591 1234 4671 profecerint
1263 4593 1441 4674 Borghesius

207 4693 378 4758 Boechhina
401 4697 605 4760 Mommsonus
630 4697 738 4773 ceteri,
770 4704 805 4758 ut
829 4691 1060 4755 innumerabiles
1087 4693 1148 4756 fere
1168 4713 1234 4769 res,
1264 4714 1329 4776 qnae
1352 4701 1443 4756 autea
